3492 5300
706 1285 847 1395 Pars
885 1286 932 1395 Ι.

513 1639 596 1709 De
652 1637 1131 1725 Latinismis.¹)

279 1947 432 2034 Polybio,
468 1947 642 2035 Lycortas
666 1946 747 2028 filio,
787 1947 855 2034 qui,
891 1948 1091 2037 priusquam
1120 1948 1263 2014 Romam
1296 1948 1409 2017 adiret
1437 1956 1473 2018 et

173 2051 406 2118 Romanorum
431 2074 540 2118 mores
564 2058 795 2136 cognosceret,
820 2052 1019 2119 iamdudum
1045 2059 1082 2118 et
1097 2053 1223 2119 scholis
1240 2060 1276 2119 et
1292 2052 1368 2119 vita
1391 2055 1471 2120 edu·

175 2160 274 2221 catus
299 2160 385 2236 erat,
421 2178 545 2221 novam
569 2161 720 2222 aetatem
752 2155 921 2236 illuxisse,
959 2158 1017 2223 ubi
1041 2156 1184 2223 Romam
1215 2157 1386 2224 abductus
1418 2165 1472 2225 est

175 2259 282 2339 obses,
307 2283 375 2326 non
399 2266 461 2341 est,
487 2261 578 2348 quod
600 2261 772 2327 miremur.
818 2259 909 2326 Nam
934 2285 1010 2327 cum
1033 2262 1215 2348 praeditus
1246 2269 1338 2328 esset
1360 2285 1471 2350 prom-

173 2364 333 2451 ptissima
356 2369 471 2430 mente
496 2364 590 2430 etin
613 2366 704 2431 omni
727 2386 850 2450 genere
874 2366 1051 2444 acerrima,
1086 2366 1226 2446 animoS,
1262 2371 1303 2431 ut
1326 2389 1433 2453 supra
1445 2370 1473 2450 2)

173 2468 333 2549 diximuS,
369 2468 659 2533 nobilissimorum
695 2468 937 2549 Romanorum,
974 2492 1116 2556 quorum
1152 2470 1401 2536 consuetudine
1436 2478 1473 2537 et

173 2594 244 2639 rem
267 2572 440 2660 publicam
464 2571 652 2637 Romanam
676 2573 889 2639 strutiones
913 2572 1034 2639 civiles
1057 2573 1159 2662 plane
1182 2575 1370 2663 perspexit,
1406 2575 1472 2642 sibi

174 2678 382 2744 conciliavit.
431 2675 518 2743 (lum
541 2681 659 2743 autem
693 2678 783 2743 omni
818 2701 858 2744 ex
890 2683 990 2765 parte
1026 2678 1220 2744 utilitatem
1255 2701 1416 2765 magnam
1440 2680 1472 2747 ei

174 2782 338 2847 attulerit
361 2782 424 2847 illa
447 2781 659 2847 consuetudo
683 2805 722 2847 ac
740 2780 975 2864 familiaritas,
998 2771 1073 2848 tum
1089 2783 1305 2869 praesertim,
1321 2806 1399 2849 cum
1421 2784 1472 2850 in·

173 2888 273 2972 genio
297 2887 462 2953 Romanis
498 2878 591 2953 esset
614 2887 724 2972 magis
748 2886 864 2951 affinis
893 2909 994 2974 quam
1022 2885 1183 2967 GraeciS,
1217 2887 1260 2952 ad
1283 2909 1473 2954 sermonem

175 2990 248 3055 eius
272 2990 492 3056 formandum
515 2991 655 3056 maximi
678 2990 749 3057 fuit
771 2991 944 3056 momenti.

278 3093 355 3160 Huc
379 3095 520 3175 accedit,
545 3094 645 3182 quod,
681 3118 756 3160 cum
789 3117 904 3159 rerum
927 3093 1161 3160 Romanarum
1194 3093 1360 3159 historias
1383 3116 1471 3159 com·

172 3221 298 3285 ponere
328 3199 478 3265 animum
509 3198 705 3265 induxisset
727 3197 908 3286 Polybius,
947 3220 990 3265 ne
1013 3200 1288 3277 verborum³)
1317 3195 1472 3264 duode-

172 3303 350 3388 viginti
373 3305 580 3371 mentionem
604 3303 773 3370 faciamus
796 3302 963 3368 sermonis
988 3302 1107 3368 Latini
1130 3301 1347 3389 propriorum
1372 3306 1407 3365 et
1430 3302 1472 3366 ab

173 3430 211 3475 eo
224 3407 367 3476 Graccis
390 3407 522 3474 litteris
546 3429 796 3494 expressorum,
821 3407 919 3474 velut
940 3406 1189 3491 πραίιρεκτρς
1211 3406 1241 3486 6,
1260 3405 1312 3487 26,
1329 3405 1350 3469 5
1366 3410 1403 3470 et
1425 3404 1470 3471 al.

173 3511 287 3594 (deest
302 3511 338 3575 in
354 3511 503 3597 lexicis),
529 3511 754 3593 δεκουρίων
770 3511 801 3592 6,
819 3511 870 3592 25,
888 3512 908 3576 2
933 3510 1045 3594 (deest
1060 3512 1097 3575 in
1112 3508 1261 3593 lexicis);
1287 3500 1471 3590 δικτάτωρ

173 3616 202 3696 3,
226 3616 279 3696 87,
304 3616 334 3680 6.
357 3617 386 3681 7.
409 3617 430 3680 9
455 3620 535 3698 etc.;
559 3607 737 3699 τριάριοι
760 3615 788 3695 1,
812 3615 865 3695 26,
889 3615 909 3679 6
935 3621 972 3680 et
993 3635 1170 3701 persaepe,
1194 3611 1380 3699 pleraeque
1402 3633 1470 3692 res,

174 3741 262 3807 quas
286 3717 411 3786 Graeci
434 3740 477 3784 ne
500 3718 636 3784 nomine
660 3717 796 3805 quidem
821 3723 926 3783 antea
950 3723 1129 3797 noverant,
1164 3721 1201 3783 et
1224 3715 1472 3782 describendae

173 3828 209 3888 et
233 3822 460 3889 nominandae
484 3820 515 3888 ci
537 3820 690 3888 fuerunt.

278 4036 299 4100 l)
319 4035 379 4085 Non
398 4032 610 4083 commemorabo
629 4047 668 4090 ea,
689 4045 755 4096 quac
775 4031 827 4082 iam
847 4030 1011 4081 Stichius
1038 4029 1070 4081 de
1089 4030 1145 4080 Pol.
1174 4029 1225 4079 dic.
1246 4043 1306 4091 gen.
1325 4044 1350 4092 p.
1372 4028 1421 4077 146
1440 4044 1471 4090 a,

173 4121 370 4172 Kaolkcrus
399 4121 501 4184 quaest.
529 4117 562 4167 dc
587 4119 652 4168 eloc.
679 4118 736 4167 Pol.
768 4132 792 4181 p.
816 4117 869 4167 289
897 4120 925 4167 et
959 4117 1017 4179 290,
1046 4114 1289 4167 Eberhardius
1323 4114 1473 4165 observatt.

172 4207 267 4274 Polyb.
292 4224 317 4270 p.
337 4207 376 4267 19,
405 4206 594 4268 Luettgius
623 4204 655 4255 de
675 4204 731 4254 Pol.
750 4203 847 4254 elocut.
876 4219 902 4268 p.
922 4203 939 4252 6
957 4207 1147 4268 exposuerunt,
1174 4201 1228 4252 nisi
1255 4199 1324 4266 quod
1342 4200 1473 4252 Kaelkari

174 4296 277 4359 quaest.
296 4308 321 4358 p.
341 4293 392 4342 290
410 4307 431 4342 s.
450 4289 533 4343 addo:
551 4289 686 4362 προτίχιιν,
704 4286 756 4342 ’ἱνα
773 4288 840 4357 (Pol.
860 4289 902 4353 23,
913 4291 937 4353 9,
957 4289 997 4354 7);
1022 4287 1178 4360 παρακαλεῖν,
1197 4283 1250 4338 ἶνα
1268 4278 1303 4360 μή
1323 4286 1360 4353 (2,
1369 4287 1411 4348 49,
1430 4286 1472 4352 8);

172 4380 206 4432 cf.
226 4380 308 4430 etiam
326 4380 368 4442 21,
389 4380 428 4444 11,
449 4379 481 4428 13
500 4379 652 4442 similesque
671 4378 753 4427 locos.
781 4378 928 4428 Praeterea
952 4374 1007 4427 vid.
1030 4374 1297 4434 Schenkelium,
1320 4370 1473 4422 Buranu-

171 4467 273 4519 resber.
295 4466 344 4516 vol.
364 4466 397 4515 30
416 4480 440 4530 p.
461 4466 520 4516 241.
554 4466 635 4530 Resp.
655 4464 737 4515 etiam
756 4463 811 4514 hui.
831 4462 940 4514 dissert.
960 4478 985 4526 p.
1006 4463 1039 4511 30
1059 4460 1125 4511 med.

275 4552 296 4615 2)
316 4552 354 4602 cf.
374 4552 428 4603 hui.
447 4551 556 4603 dissert.
575 4567 600 4616 p.
622 4553 643 4601 1.

276 4638 297 4704 3)
316 4639 355 4689 Gt.
374 4638 428 4688 hui.
448 4637 557 4688 dissert.
577 4653 601 4703 p.
621 4639 654 4687 22
672 4635 734 4690 adn.
754 4637 776 4688 1.
