3492 5300
797 469 1020 535 ..38-

364 640 670 708 Recentioris
694 641 823 709 aetatis
846 641 1096 729 inscriptiones
1120 641 1150 707 si
1163 641 1366 729 respicimus
1386 642 1485 709 velut
1506 642 1557 708 in-

257 745 480 833 scriptionem
504 742 673 828 Sestill,
698 768 785 834 quae
809 745 905 812 cadit
927 745 971 811 ad
994 767 1122 811 annum
1146 751 1227 811 ante
1240 744 1418 813 Christum
1441 753 1557 814 cente·

256 849 380 916 simum
393 848 603 930 vicesimum,
627 847 878 930 Jerusalem,
904 870 1006 937 quam
1019 849 1132 915 multa
1145 849 1332 915 elocutioni
1343 849 1557 938 Polybianac

260 952 452 1020 communia
475 957 591 1018 essent
614 975 690 1018 cum
713 952 810 1019 illius
833 952 1071 1040 inscriptionis
1093 975 1258 1034 sermone,
1282 953 1409 1020 docuit.

366 1055 572 1138 Quaestioni
595 1055 689 1122 docti
712 1056 807 1122 illius
830 1055 899 1122 viri
923 1056 1007 1122 haec
1032 1057 1106 1122 fere
1130 1056 1289 1123 addenda
1311 1063 1411 1124 sunt:

360 1156 465 1226 κατὰ
488 1156 530 1224 τὰ
555 1159 734 1244 συνεχές
756 1165 837 1226 ante
849 1159 975 1248 Polybi
998 1166 1150 1227 aetatem
1173 1161 1401 1238 inusitatum
1425 1162 1467 1228 cf.
1481 1161 1555 1229 Pol.

254 1267 283 1348 2,
307 1267 337 1348 2,-
362 1267 399 1345 7;
423 1266 453 1347 3,
478 1265 507 1346 2,
532 1265 561 1331 6.
588 1265 639 1346 32,
665 1265 700 1340 3;
722 1265 753 1345 4,
777 1265 828 1346 39,
853 1266 884 1331 7.
906 1265 959 1346 40,
983 1266 1022 1347 5;
1056 1266 1086 1345 ὅ,
1112 1265 1237 1346 1810.
1271 1267 1321 1347 97,
1345 1268 1375 1332 5.
1401 1268 1472 1349 105,
1498 1268 1555 1349 10;

260 1370 309 1451 16,
334 1371 385 1451 21,
411 1369 447 1447 13
471 1390 627 1456 persaep.
635 1391 644 1446 3
667 1367 752 1435 item
775 1368 818 1434 cf.
843 1368 1000 1456 inscript.
1026 1367 1115 1434 Sest.
1140 1391 1229 1435 vers.
1255 1370 1318 1450 53;

358 1472 616 1556 ἐκκλίνεινῖ)
651 1472 718 1538 etsi
752 1471 884 1558 legitur
918 1472 1010 1560 apud
1044 1471 1134 1538 Plat.
1172 1472 1278 1559 Legg.
1316 1474 1336 1538 5
1370 1498 1402 1562 p.
1435 1476 1498 1542 746
1516 1475 1554 1558 C,

255 1586 372 1644 tamen
396 1600 473 1643 oum
498 1579 678 1643 structura
702 1576 977 1643 accusativi
1000 1599 1101 1644 casus
1125 1578 1347 1645 coniunctum
1371 1579 1556 1668 eademque

255 1680 519 1767 significatione,
533 1701 618 1768 qua:
633 1682 822 1767 ,fugere,
840 1680 1005 1747 evitare
1022 1681 1185 1770 aliquid“,
1197 1688 1279 1749 ante
1291 1682 1474 1771 Polybium
1486 1707 1556 1750 non

254 1784 426 1861 occurrit3
462 1783 505 1850 cf.
528 1783 600 1851 Pol.
631 1785 655 1867 l,
680 1786 731 1867 23,
764 1787 793 1851 8.
819 1786 870 1867 34,
894 1786 928 1865 4;
961 1787 990 1867 6,
1014 1787 1066 1867 42,
1090 1786 1127 1866 2;
1161 1786 1244 1852 item
1269 1787 1313 1853 cf.
1336 1787 1438 1853 inser.
1464 1786 1554 1855 Sest.

253 1910 340 1954 vers.
365 1888 395 1953 4.

363 1990 482 2058 Etiam
505 1992 731 2080 participium
755 1986 1009 2077 βουλόμενος
1031 2015 1103 2081 seq.
1128 1991 1189 2057 inf.
1213 2015 1291 2079 pro
1314 1995 1553 2062 enuntiato

252 2094 410 2178 finali,
449 2097 539 2185 quod
561 2119 728 2185 persaepe
762 2120 816 2186 ap.
840 2097 912 2164 Pol.
945 2098 1187 2183 invenimusss),
1223 2098 1258 2163 in
1282 2095 1410 2165 Sesti
1432 2099 1554 2166 inscri-

255 2199 375 2286 ptione
399 2206 456 2267 ter
478 2207 646 2289 quaterve
670 2202 810 2288 legitur.

356 2302 525 2370 Attamen
544 2305 788 2371 verborum
811 2328 946 2395 quoque
965 2306 1553 2394 collocationemPolybianae

254 2406 442 2474 elocutioni
473 2430 684 2474 communem
719 2431 792 2475 esse
828 2433 902 2476 cum
936 2409 1173 2497 inscriptionis
1197 2408 1290 2477 Sesti
1325 2435 1477 2479 sermone
1512 2418 1554 2479 ut

254 2508 367 2576 dicere
391 2509 589 2591 audeamus,
613 2510 681 2577 loci
704 2535 773 2578 non
796 2517 869 2579 tam
893 2513 996 2580 multi
1019 2519 1102 2579 sunt
1125 2519 1187 2580 aut
1210 2507 1395 2583 manifesti.

359 2787 383 2856 1)
403 2790 443 2843 ef.
463 2789 558 2842 Studd.
577 2791 728 2844 Vindobon.
750 2794 816 2844 1879
835 2796 899 2845 tom.
919 2795 941 2847 1.
959 2810 985 2859 p.
1005 2796 1038 2845 32
1058 2810 1093 2845 ss.

357 2877 378 2944 2)
397 2879 435 2928 De
460 2877 554 2929 formis
581 2876 710 2931 ἐκκλίνειν
739 2885 767 2931 et
786 2878 912 2950 ἐγκλίνειν
940 2882 972 2933 of.
997 2882 1264 2948 Schenkelium‚
1289 2883 1366 2935 Burs.
1394 2884 1551 2937 Jahresber.

253 2963 305 3013 vol.
325 2965 358 3014 38
378 2980 403 3029 p.
423 2964 481 3016 246.

357 3050 378 3118 ³)
397 3051 436 3102 of.
455 3051 510 3102 hui.
531 3050 638 3102 dissert.
659 3068 684 3117 p.
704 3053 745 3103 35.
