3492 5300
798 382 1014 453 424..

256 558 344 625 Phil.
369 562 398 641 7,
424 561 458 645 6)
481 561 629 647 putandi
652 561 725 628 sint
740 560 1001 640 Latinismi‚
1026 559 1136 646 magis
1154 559 1294 626 dubium
1312 583 1385 627 esse
1402 561 1553 641 videtur,

253 669 458 753 quam-num
491 689 508 731 e
532 666 671 751 linguae
694 664 844 732 Latinae
867 689 934 731 usu
957 665 1152 753 profectum
1177 665 1240 733 sit:
1266 655 1323 729 ὑπὸ
1348 666 1441 749 (sibl)
1467 669 1557 748 lopoo'

256 768 556 852 συναγομένους
583 768 692 833 ἐσθίειν
721 759 863 854 α’λλήλιον
889 772 916 849 1,
947 769 999 848 84,
1024 770 1043 834 9
1067 769 1125 847 (cf.
1150 768 1288 834 Stich.
1314 792 1346 855 p.
1372 768 1448 848 147)
1472 773 1552 832 aut:

256 861 314 937 6πὸ
338 877 391 957 τῆς
414 872 536 945 ἐλπίδος
560 863 750 955 ἀγόμενοι
772 873 937 944 διπλασίως
957 861 1167 954 παρωξύνοντο
1191 873 1220 951 2,
1244 873 1295 952 29,
1313 874 1344 938 9.

293 1029 296 1035 ‘
341 1028 494 1134 'Restat
519 1031 560 1093 ut
582 1028 745 1094 afferam:

351 1145 516 1233 Ὅμοιοι
538 1148 607 1214 καὶ
629 1139 647 1213 oe
671 1142 791 1222 αιῖτός
814 1150 843 1228 6,
867 1149 919 1228 45,
947 1149 975 1229 l,
1013 1148 1104 1236 quod
1127 1147 1215 1213 nihil
1246 1148 1339 1214 aliud
1373 1148 1438 1214 sibi
1462 1148 1550 1229 vult,

256 1277 376 1345 quam:
400 1276 479 1342 par
502 1259 637 1340 atque
663 1253 773 1319 idem
797 1253 897 1318 velut
921 1274 974 1339 ap.
1000 1252 1069 1319 Cio.
1094 1251 1180 1317 Mur.
1206 1253 1235 1317 9.

359 1373 515 1462 Denique
539 1374 580 1440 de
605 1373 913 1441 collocatione
937 1372 1098 1439 vocabuli
1120 1365 1236 1455 χάριν
1260 1395 1371 1460 pauca
1395 1372 1514 1439 dicam.

360 1494 446 1561 Cum
470 1496 562 1582 apud
578 1495 718 1562 Atticos
742 1495 907 1583 perpauci
930 1496 1158 1561 inveniantur
1180 1495 1296 1579 lucil),
1321 1495 1445 1584 quibus
1468 1487 1552 1578 χάριν

254 1600 425 1687 genetivo,
458 1622 558 1688 quem
581 1599 682 1686 regit,
729 1599 1046 1686 anteponitur,
1086 1598 1250 1685 Polybius
1275 1599 1467 1685 exemplum
1490 1597 1552 1662 Te·

254 1705 356 1785 renti,
380 1705 440 1793 qui
462 1704 614 1790 gratia
630 1727 706 1769 cum
721 1703 883 1788 genetivo
900 1704 1034 1790 pariter
1046 1703 1236 1790 usurpavit,
1262 1708 1402 1769 secutus
1419 1701 1551 1769 centies

255 1809 416 1893 genetivo
440 1808 529 1874 illud
553 1807 839 1895 anteposuit,
866 1808 1067 1894 septuagies
1091 1807 1203 1874 sexies
1225 1811 1501 1894 postposuit.

360 2069 379 2135 ¹)
399 2069 437 2120 of.
458 2069 626 2119 Kuehnen.
647 2070 691 2120 Gr.
711 2068 726 2137 ξ
744 2071 796 2121 430
815 2069 875 2121 adn.
