3492 5300
802 395 1018 460 ,13,Ἴ

367 571 464 651 Quae
487 593 591 657 quum
616 568 666 634 ila
691 567 770 650 sini,
795 567 969 654 ‘scriplori
999 568 1040 633 de
1074 568 1196 653 lingua
1218 568 1347 634 Latina
1381 569 1490 633 multa
1524 570 1557 633 iu

267 698 367 741 suum
391 667 579 740 sermcfiem
603 672 835 738 convertenda
858 671 967 737 fuisse
992 671 1068 758 quis
1092 678 1155 753 est,
1181 671 1239 760 qui
1262 673 1389 757 neget?

367 777 434 844 Sed
457 783 497 844 ut
520 783 679 844 transeat
703 776 813 843 oratic
837 777 882 842 ad
905 776 1052 861 singula,
1077 776 1225 863 primum
1242 776 1432 842 scribamus
1449 775 1490 841 de
1514 776 1558 841 iis

262 883 477 964 Latini-amia,
516 881 575 971 qui
598 881 752 947 altiuenl
785 880 828 945 ad
851 902 936 946 rem
962 879 1208 945 militarem
1241 881 1339 969 eique
1364 880 1557 959 similia,

262 989 314 1056 ita
337 992 463 1068 tamen,
490 993 531 1052 ut
546 986 693 1074 primum
714 984 930 1073 dispulemus
948 985 988 1050 de
1010 984 1243 1052 locutionibus
1266 984 1427 1051 formatis
1451 985 1555 1051 verbo

264 1087 385 1174 ἄγειν
412 1090 554 1178 eiusque
578 1081 852 1176 compositis.

372 1246 463 1313 Sunt
486 1250 618 1311 aulem:

369 1368 595 1452 Θρίαμβον
631 1361 755 1447 ἄγειν
787 1365 931 1432 Graecis
962 1370 1044 1431 ante
1066 1365 1191 1453 Polybi
1214 1373 1365 1433 aetatem
1390 1368 1557 1450 alienum,

264 1496 344 1539 nam
366 1466 528 1556 πομπεύειν
552 1470 608 1556 (cf.
633 1469 728 1535 Dem.
752 1493 783 1557 p.
809 1470 882 1551 522,
908 1470 941 1554 3)
973 1469 1118 1535 eundem
1152 1470 1257 1536 habet
1288 1493 1435 1553 sensum,
1461 1495 1559 1561 quem

263 1574 407 1642 Latine:
433 1596 627 1663 pompam
652 1574 829 1641 (lucere.
853 1572 907 1637 Ex
929 1572 1171 1638 Plutarchi
1196 1573 1330 1640 demum
1347 1576 1560 1662 temporibus

264 1682 372 1767 (Plut.
397 1679 598 1761 Antonffl)
621 1678 710 1743 illud
738 1679 882 1743 verbum
906 1678 1047 1743 eandem
1079 1678 1149 1742 vim
1172 1678 1297 1759 induit,
1323 1702 1441 1767 quam:
1481 1703 1560 1767 per

263 1785 537 1872 triumphum
562 1782 732 1847 ducere.
1173 1853 1181 1868 ·

373 1887 458 1954 Loci
482 1893 564 1954 sunt
586 1887 614 1967 1,
630 1886 682 1967 88,
700 1887 736 1969 6,
761 1885 812 1966 21,
827 1886 879 1967 24,
896 1887 951 1968 17,
975 1876 1169 1966 κατάγειν
1196 1887 1356 1970 11,33,7,
1383 1883 1559 1969 εἰσάγειν

262 1994 294 2073 4,
319 1994 370 2074 66,
396 1995 431 2075 8,
459 1992 507 2071 16,
532 1991 583 2071 23,
609 1991 639 2054 5.
673 1989 739 2055 Est
763 1994 897 2055 autem:
929 1989 1202 2076 triumphum
1227 2012 1359 2075 agere
1383 1991 1482 2056 velut
1505 2013 1558 2078 ap.

266 2093 337 2163 Cic.
362 2094 461 2161 Verr.
486 2095 516 2174 2,
541 2095 570 2174 5,
595 2094 646 2173 39,
673 2094 751 2176 100,
787 2092 865 2160 Liv.
889 2094 940 2173 45,
974 2094 1024 2173 38,
1057 2094 1114 2172 11,
1149 2094 1192 2160 cf.
1217 2094 1322 2159 etiam
1345 2093 1437 2160 Plut.
1463 2095 1558 2182 Popl.

267 2202 326 2284 23,
351 2197 505 2264 Marcell.
529 2198 588 2280 22,
614 2196 710 2262 Caes,
735 2196 786 2262 55.
936 2273 940 2280 ’

375 2302 524 2368 Verbum
550 2293 812 2384 θριαμβεύειν
844 2300 875 2381 6,
906 2300 957 2380 53,
989 2303 1102 2366 7esl:
1140 2301 1439 2389 triumphare,
1475 2303 1560 2368 item

264 2406 359 2473 Plus.
382 2404 466 2472 Mor.
491 2429 522 2492 p.
549 2403 612 2469 318
635 2403 664 2468 Β
689 2408 724 2469 σθ
747 2426 855 2489 saep,
880 2402 972 2471 Hdn.
996 2404 1026 2484 3,
1051 2405 1080 2485 9,
1106 2405 1141 2488 1,
1166 2409 1195 2486 8,
1220 2407 1249 2485 7,
1273 2406 1324 2471 22.

371 2499 444 2574 Ὕπ’
468 2508 660 2581 ἐξουσίαν
684 2501 788 2579 τινάς
811 2502 926 2588 ἄγειν
951 2508 1000 2588 10,
1016 2508 1107 2589 40,7
1132 2516 1186 2574 est
1208 2509 1457 2576 Romanorum:
1483 2512 1561 2576 sub

265 2618 542 2705 potestatem
566 2611 765 2677 alieuius
789 2610 996 2697 redigere
1020 2612 1119 2679 velut
1142 2635 1195 2702 ap.
1220 2613 1304 2702 Nep.
1322 2614 1411 2681 Mill.
1438 2614 1466 2696 1,
1490 2615 1557 2696 4,2

265 2718 339 2800 flm,
364 2718 466 2783 Paus.
489 2719 519 2798 2,
543 2717 580 2797 4,
605 2714 719 2802 Pelcp.
745 2717 765 2780 5
789 2722 867 2781 aut:
908 2716 986 2781 sub
1009 2716 1245 2804 imperium
1269 2718 1473 2785 alicuius
1505 2742 1564 2786 re·

266 2823 421 2910 digere
460 2820 571 2906 (Caes.
597 2819 635 2885 B.
661 2820 700 2887 G.
726 2821 755 2901 5,
788 2820 838 2901 29,
862 2821 898 2903 4,
934 2819 1021 2908 Nep.
1045 2820 1193 2888 Timoth.
1217 2823 1261 2907 2).
1308 2822 1440 2890 Contra
1464 2825 1508 2895 cf.
1529 2825 1560 2905 4,

266 2929 317 3009 61,
342 2928 363 2993 5
383 2917 448 3013 (ὕφ’
471 2921 597 2997 ἑαυτσάς
619 2926 800 3006 ποιεῖσθαι),
840 2923 925 2989 Hm.
952 2926 981 3006 l,
997 2926 1076 3007 201,
1102 2925 1228 3011 5,103,
1254 2950 1347 3016 saep.
1372 2920 1440 3014 (rip'
1463 2930 1564 3022 ἑαυτῷ

265 3038 449 3117 ποιεῖσθαι),
472 3032 556 3096 item
575 3030 671 3095 Dem.
695 3029 916 3117 μ.1234,14,
942 3028 984 3094 cf.
1009 3029 1114 3095 etiam
1131 3029 1218 3096 Xen.
1242 3033 1307 3118 Ag.
1336 3035 1362 3113 l,
1388 3034 1449 3120 22,
1473 3034 1562 3100 ΡΙαθ.

267 3132 366 3223 Reip.
392 3137 407 3201 1
434 3158 464 3222 p.
491 3135 555 3200 348
578 3133 621 3206 D.

373 3239 473 3306 Nunc
511 3259 743 3326 proponamus
780 3236 974 3304 locutiones
1018 3239 1121 3304 verbe
1165 3234 1386 3322 λαμβάνειν
1425 3241 1566 3330 eiusque

268 3342 536 3429 compositis
560 3341 712 3408 effectas.

319 3451 320 3455 ’
352 3438 704 3530 Ἀναλαμβάνεινί)
728 3440 954 3528 ἀπέχθειαν
978 3445 1007 3526 2,
1024 3446 1076 3526 46,
1101 3445 1137 3529 6,
1162 3446 1313 3528 ἔχθραν
1337 3447 1368 3528 4,
1392 3448 1443 3530 32,
1468 3450 1506 3533 4,
1532 3449 1567 3516 id

267 3557 339 3618 est:
363 3550 598 3637 suscipere
621 3550 845 3616 invidiam
869 3549 969 3615 velut
986 3550 1122 3636 epCic.
1136 3550 1235 3617 Verr.
1251 3553 1281 3632 2,
1295 3553 1324 3633 2,
1339 3552 1397 3635 55,
1424 3553 1569 3619 odium

267 3655 352 3742 (Cic.
376 3656 453 3721 Ate.
485 3656 514 3734 6,
552 3655 579 3735 1,
614 3655 686 3740 25),
725 3652 1007 3720 inimicitias
1045 3654 1128 3740 (Cic.
1162 3655 1228 3722 Off.
1266 3661 1292 3737 l,
1328 3657 1356 3738 9,
1395 3658 1453 3740 28,
1489 3656 1569 3723 Ter.

266 3760 349 3826 Hec.
366 3761 397 3842 2,
422 3759 450 3841 1,
474 3759 538 3838 34).
564 3758 694 3825 Contra
709 3758 751 3824 cf.
766 3758 873 3825 Thuc.
897 3759 927 3839 2,
952 3758 995 3823 68
1019 3759 1147 3843 (ἔχθραν
1170 3763 1348 3844 ποιεῖσθαι),
1373 3759 1457 3826 Eur.
1480 3762 1569 3829 Med.

269 3866 313 3931 44
335 3853 561 3950 (συμβάλλειν),
593 3861 635 3928 cf.
661 3861 767 3927 etiam
790 3861 873 3926 Eur.
899 3860 1040 3927 Hercul.
1064 3862 1128 3928 459
1152 3853 1345 3948 (συνάπτειν).

376 3959 729 4050 ’Λναλαμβάνεινθ
752 3956 935 4051 πόλεμον
959 3966 989 4047 2,
1005 3967 1057 4047 46,
1085 3972 1118 4051 1,
1143 3969 1172 4050 3,
1197 3970 1226 4050 2,
1244 3969 1274 4032 5.
1298 3969 1384 4053 8,9,
1410 3971 1439 4049 7,
1466 3970 1515 4052 13,
1538 3973 1570 4055 1,

268 4074 319 4157 13,
343 4075 372 4154 7,
395 4073 433 4154 8,
459 4069 727 4154 ἐπιδέχεσθαι
748 4070 778 4150 4,
804 4071 854 4151 31,
884 4070 918 4153 1,
945 4065 1226 4154 ἀναδέχεσθαι
1250 4077 1276 4154 1,
1299 4073 1354 4152 88,
1381 4073 1439 4157 12,
1465 4075 1495 4157 3,
1521 4075 1571 4156 10,

268 4180 303 4262 3,
327 4179 358 4259 4,
374 4177 426 4258 48,
446 4176 502 4259 13,
526 4176 577 4255 28,
596 4175 663 4255 8,6
687 4179 741 4241 est
756 4175 902 4242 Latine:
929 4175 1093 4242 bellum
1119 4178 1350 4265 suscipere
1375 4177 1459 4263 (Cic.
1473 4177 1571 4267 Reip·

267 4284 297 4365 3,
321 4281 380 4364 23,
405 4280 470 4347 Off.
490 4281 517 4359 1,
543 4279 593 4361 11,
611 4280 666 4362 35)
690 4284 770 4346 aut:
795 4279 966 4345 bellum
990 4302 1166 4347 sumere
1189 4280 1288 4366 (Sall.
1312 4281 1393 4367 Jug.
1411 4283 1469 4365 83,
1494 4281 1573 4349 Tac.

272 4439 480 4453 ————-·—··-'

378 4540 398 4609 1)
418 4541 476 4602 Qua
499 4541 527 4590 in
546 4541 680 4591 locutione
699 4541 810 4592 verbum
829 4541 979 4609 simplex
1006 4542 1115 4593 maioris
1134 4543 1261 4609 ponderis
1288 4559 1348 4595 esse
1367 4541 1475 4594 videtur
1502 4543 1574 4612 λαμ-

266 4617 379 4685 βάνιιν
398 4657 431 4664 -
451 4643 595 4693 capere,
615 4643 667 4679 non
686 4630 931 4694 praepositio.
