3492 5300
665 1572 972 1712 Adpendix.
1115 1483 1118 1488 ι

274 1942 461 2009 Extremae
491 1941 532 2008 de
567 1940 692 2028 Polybi
725 1939 919 2008 elocutione
954 1938 1194 2005 dissertationi
1228 1960 1323 2005 meae
1356 1960 1470 2027 pauoa

169 2069 260 2112 nuno
284 2046 419 2112 adicere
443 2046 478 2111 in
502 2046 614 2112 animo
650 2046 758 2111 habeo
791 2043 832 2111 de
856 2042 1132 2129 fragmentis
1163 2065 1184 2108 a
1208 2041 1345 2109 Suida
1369 2044 1467 2110 nobis

169 2149 312 2215 traditis
336 2154 371 2216 et
394 2149 437 2215 ab
461 2147 714 2215 Hultsohio
738 2148 774 2214 in
796 2148 814 2213 f
820 2147 891 2213 ine
915 2146 997 2213 edit.
1021 2146 1141 2234 Polyb.
1166 2147 1387 2214 enumeratio.

273 2251 426 2318 Primum
449 2253 596 2319 scribam
619 2251 661 2318 de
684 2252 862 2318 nonnullis
885 2250 1102 2336 fragmentis
1137 2251 1174 2316 in
1198 2251 1322 2340 quibus
1346 2252 1404 2318 vel
1427 2274 1468 2319 ea

169 2356 338 2423 voeabula
354 2362 551 2437 occurrunt,
569 2378 665 2444 quae,
683 2363 851 2443 quantum
876 2378 952 2420 nos
977 2354 1112 2443 quidem
1129 2355 1265 2437 soimuS,
1290 2356 1358 2421 nisi
1375 2356 1467 2444 apud

112 2543 116 2553 ‚
169 2458 402 2546 Polybium
426 2483 493 2525 non
517 2459 691 2543 leguntur,
727 2458 783 2525 vel
808 2480 857 2538 ea,
883 2481 978 2547 quae,
1004 2457 1466 2545 etsiaposterioribus

169 2562 326 2629 adhibita
349 2568 432 2629 sunt
455 2562 700 2650 scriptoribuS‚
726 2569 843 2630 tamen
867 2562 959 2651 apud
983 2563 1196 2629 neminem
1228 2563 1465 2646 inveniuntur,

172 2668 227 2735 oui
250 2673 390 2755 praeter
413 2666 651 2754 Polybium
682 2667 745 2733 illa
769 2669 968 2754 fragmenta
998 2667 1166 2735 historica
1188 2669 1298 2735 tribui
1320 2669 1467 2756 possint.

274 2804 365 2872 Sunt
388 2810 503 2872 autem
528 2804 628 2870 haee:

809 2960 833 3027 l.

272 3099 485 3184 Fragmenta
523 3102 542 3166 3
577 3106 613 3166 et
646 3101 706 3176 73,
746 3122 891 3188 quorum
914 3100 951 3165 in
974 3100 1090 3187 priore
1122 3105 1176 3168 est
1208 3101 1469 3168 substantivum

173 3203 470 3292 Polybianum
510 3199 754 3277 α’δικοδοεία
777 3206 819 3286 1),
870 3202 906 3269 in
940 3203 1131 3291 posteriore
1167 3206 1310 3271 verbum
1344 3205 1469 3294 Polybi

174 3308 324 3375 solius
347 3309 524 3397 proprium
548 3314 815 3393 πραεικοπεῖν
848 3308 959 3394 (118,
984 3310 1013 3374 9.
1037 3310 1089 3391 55,
1113 3311 1150 3388 6,
1173 3311 1203 3390 2,
1227 3312 1279 3392 46,
1303 3312 1332 3378 2.
1358 3313 1409 3392 57,
1433 3315 1472 3390 2,
1608 3334 1610 3337 ·

174 3412 203 3492 3,
228 3413 278 3494 69,
304 3416 339 3492 1,
362 3414 392 3495 8,
418 3416 468 3495 11,
493 3414 529 3493 3,
553 3414 582 3494 9,
609 3415 658 3500 17,
684 3416 725 3497 1),
750 3412 1004 3502 Polybiane
1027 3418 1111 3480 sunt
1133 3412 1300 3481 habenda.

797 3588 845 3654 II.

278 3724 321 3789 In
338 3724 461 3811 fragm.
479 3726 518 3791 61
538 3725 686 3810 legimus
703 3728 846 3793 verbum
864 3727 957 3792 ἐκθε
968 3727 1103 3810 sapite
1114 3749 1146 3790 ιν
1163 3726 1342 3814 aPolybio
1360 3727 1472 3814 primo

174 3828 342 3916 scriptum
368 3828 468 3895 velut
501 3830 530 3908 3,
555 3830 606 3910 91,
632 3831 688 3912 10,
723 3831 753 3911 ὅ,
780 3833 829 3913 15,
853 3832 891 3912 2,
931 3833 981 3911 11,
1005 3831 1035 3912 8,
1068 3832 1104 3909 7,
1140 3831 1191 3912 39,
1217 3833 1246 3912 9,
1276 3832 1322 3897 19.
1358 3831 1409 3910 20,
1433 3832 1470 3910 3,

173 3932 258 4000 item
285 3955 338 4021 ap.
363 3932 447 3998 Ath.
472 3933 493 3998 9
515 3956 547 4020 p.
572 3933 636 3999 696
658 3932 697 3999 F.

279 4036 352 4104 Hoo
375 4037 449 4104 loeo
473 4037 579 4104 etiam
602 4044 686 4104 sunt
710 4038 1005 4104 commemoranda
1021 4039 1063 4106 fr.
1080 4040 1120 4105 81
1139 4044 1175 4105 et
1192 4040 1263 4120 194,
1287 4039 1323 4105 in
1347 4040 1472 4127 quibus

174 4141 352 4209 invenitur
366 4144 508 4209 verbum
524 4137 861 4228 avzoaaaipavr)
884 4165 905 4208 a
917 4142 1063 4232 Polybio
1078 4144 1226 4232 primum
1251 4166 1290 4210 ao
1307 4167 1473 4235 persaepe

174 4252 379 4334 usurpatum
403 4245 502 4313 velut
526 4249 554 4329 1,
578 4246 629 4329 63,
653 4249 690 4325 7,
724 4248 754 4330 2,
777 4247 830 4330 24,
855 4249 891 4325 1,
925 4248 955 4328 3,
979 4249 1031 4329 64,
1055 4248 1092 4327 4,
1126 4249 1156 4330 9,
1179 4249 1209 4325 4,
1242 4249 1278 4326 7,
1309 4251 1471 4336 permult.

174 4349 232 4434 (cf.
256 4350 361 4417 etiam
383 4348 494 4419 Siras.
522 4352 571 4434 19,
596 4352 632 4429 5,
656 4350 762 4418 Clam.
775 4349 838 4439 Ep.
863 4349 908 4417 ad
923 4349 1001 4417 Cor.
1028 4354 1055 4433 1,
1080 4351 1123 4417 34
1146 4372 1177 4439 p.
1206 4351 1280 4436 167)
1305 4357 1341 4418 et
1363 4354 1406 4421 fr.
1429 4355 1473 4421 42

174 4527 381 4536 ———-——-

278 4627 299 4695 1)
318 4629 357 4680 cf.
376 4628 432 4682 hui.
451 4628 560 4680 dissert.
580 4645 605 4695 p.
624 4630 666 4680 41.

277 4713 729 4782 2)()1.11111111111111111.,1.19.
