3492 5300
818 427 1031 493 -28-

377 598 458 664 Jam
481 604 700 666 transeamus
723 599 767 665 ad
790 622 854 681 res,
879 621 967 688 quae
991 605 1152 686 spectant
1174 599 1218 665 ad
1241 596 1548 688 participium.

379 702 455 783 Quo
490 703 727 791 participii
772 704 1023 792 praepositi
1061 704 1114 769 vis
1152 703 1289 771 facilius
1327 703 1568 789 intellegatur,

275 803 443 892 Polybius
477 807 570 873 haud
603 829 682 874 raro
711 807 933 897 sequentis
958 808 1179 874 enuntia-ti
1201 808 1396 896 primarii
1429 807 1569 873 initium

270 908 361 975 facit
383 911 426 975 ab
443 909 616 977 adverbiis
640 912 782 988 ἐνταῦθα,
806 909 881 989 εἶτα,
905 912 1016 990 ἔπειτα,
1040 903 1117 993 τότε,
1143 907 1210 977 τότε
1234 907 1280 995 δή,
1304 904 1364 976 τότ’
1388 906 1459 995 ἤδη,
1477 906 1569 984 stou

272 1005 407 1098 υυ”τω(ς1,
440 1011 521 1079 οὕτω
556 1012 603 1099 δή,
640 1012 738 1089 οὕτως
760 1011 831 1102 ἤδη,
872 1011 955 1097 nite,
992 1018 1083 1083 sicut
1116 1038 1360 1106 nonnunquam
1383 1017 1569 1102 scriptores

276 1117 400 1199 Attici,
426 1141 446 1184 a
470 1119 594 1208 quibus
617 1119 826 1187 Kuehnerus
842 1124 866 1205 1)
889 1144 1000 1209 pauca
1024 1123 1179 1209 exempla
1200 1121 1313 1209 petiit.
1376 1131 1379 1138 '

374 1222 441 1289 Sed
457 1225 646 1291 intermisit
662 1226 909 1310 grammaticus
928 1226 1051 1292 doctus
1075 1226 1199 1291 afferre
1213 1226 1441 1313 Polybianum
1458 1223 1564 1289 illud:

273 1325 373 1410 μετὰ
397 1334 527 1394 ταῦτα
550 1329 684 1416 pariter
706 1337 922 1417 usurpatum.
969 1329 1053 1396 Loci
1084 1336 1200 1395 autem
1234 1334 1317 1395 sunt
1340 1329 1393 1394 hi:
1432 1333 1459 1409 1,
1494 1329 1570 1409 6,4

273 1423 426 1515 γενόμενοι
448 1427 474 1496 δ’
498 1432 654 1516 ἐγκρατεῖς
678 1423 820 1498 σίπαίντων
842 1441 902 1497 τῶν
925 1435 1060 1499 Λατίνων
1084 1424 1133 1499 διαί
1155 1458 1187 1498 τε
1209 1429 1261 1518 τὴν
1287 1427 1427 1517 ἀνδρείαν
1443 1431 1495 1497 καὶ
1516 1428 1569 1516 τὴν

274 1535 304 1600 ἐν
330 1545 396 1608 ταῖς
419 1529 529 1620 μάχαις
552 1535 715 1620 ἐπιτυχίαν,
751 1534 852 1620 μετὰ
875 1533 988 1603 ταῦτ’
1020 1538 1189 1623 ἐπολέμουν
1214 1533 1394 1622 Τυρρῇνυῖς,
1432 1537 1515 1603 item
1540 1537 1568 1617 1,

272 1640 325 1720 47,
350 1642 384 1726 7,
409 1643 437 1722 3,
463 1642 512 1723 19,
536 1642 578 1727 4,
600 1643 631 1722 4,
656 1643 706 1722 73,
732 1643 769 1728 3,
792 1643 823 1725 5,
846 1643 899 1722 24,
923 1643 951 1708 9.
978 1643 1029 1723 62,
1058 1645 1090 1725 1,
1129 1644 1159 1723 6,
1184 1644 1234 1723 57,
1259 1644 1296 1729 5,
1324 1644 1355 1724 8,
1383 1642 1431 1724 11,
1455 1644 1484 1708 2.
1519 1643 1568 1722 18,

275 1744 433 1824 1.20,4.
458 1745 508 1825 35,
537 1747 593 1831 10,
617 1747 645 1826 9,
674 1747 806 1831 15,11,
838 1748 883 1828 12,
908 1746 994 1827 251,
1018 1747 1053 1832 4,
1077 1748 1128 1826 20,
1152 1748 1182 1827 4,
1206 1747 1248 1831 4,
1271 1747 1322 1826 21,
1348 1747 1399 1827 24,
1423 1747 1453 1813 6.
1491 1745 1569 1812 Non

273 1846 328 1913 hic
352 1849 556 1916 numerandi
580 1856 663 1916 sunt
686 1850 752 1917 loci
775 1851 941 1939 plerique,
966 1852 1104 1939 quales:
1131 1852 1158 1931 1,
1184 1852 1212 1931 7,
1229 1851 1259 1918 4.
1277 1852 1328 1931 59,
1353 1853 1389 1935 8,
1414 1851 1443 1930 5,
1468 1851 1519 1930 87,
1537 1852 1567 1915 6.

378 1952 544 2038 Contra2)
577 1978 618 2022 ea
642 1956 727 2023 dicit
751 1979 884 2044 quoque
906 1956 1073 2043 Polybius
1098 1957 1147 2037 12,
1173 1955 1224 2037 25,
1248 1957 1285 2021 7,
1325 1956 1405 2036 λέγει
1426 1961 1569 2036 ταῦτα,
1656 1947 1660 1953 ’

273 2049 391 2142 διότι,
417 2060 465 2139 17,
492 2060 541 2133 18,
567 2060 583 2124 1
607 2067 724 2125 τοῦτο
748 2060 782 2124 δὲ
806 2066 917 2144 σαφῶς
941 2051 1045 2142 εἶδαίς,
1071 2056 1140 2125 ὅτι.

376 2162 505 2243 Placet,
531 2187 607 2229 cum
631 2164 842 2250 pronominis
867 2158 974 2246 οὗτος,
1005 2160 1092 2249 αὕτη,
1117 2170 1205 2229 rodco
1229 2164 1264 2230 in
1288 2164 1496 2230 mentionem
1518 2163 1569 2229 in-

273 2263 423 2345 ciderim,
448 2289 560 2354 pauca
585 2269 627 2335 de
651 2269 713 2334 hoc
737 2270 938 2356 pronomine
963 2292 1053 2335 nuno
1077 2291 1254 2356 exponere.

376 2368 427 2437 Ut
449 2371 516 2459 ipsi
529 2373 643 2439 Attici
667 2373 735 2439 etsi
758 2374 936 2441 rarissime
958 2374 1157 2462 pronomine
1181 2368 1270 2448 οὗτος
1294 2374 1349 2440 nsi
1372 2380 1455 2440 sunt
1469 2374 1567 2456 ita3),

274 2477 315 2537 nt
340 2475 393 2539 vel
417 2476 671 2543 subiectum
707 2478 765 2544 vel
796 2479 1126 2566 praecedentem
1156 2500 1239 2544 rem
1273 2478 1482 2544 obiectam
1505 2477 1568 2544 illo

272 2584 481 2666 repeterent,
507 2582 605 2647 velut
627 2583 733 2650 Thuo.
758 2585 787 2665 5,
814 2585 877 2669 36,
900 2583 987 2650 Xen.
1011 2583 1106 2650 Hier.
1132 2584 1160 2663 1,
1190 2584 1228 2647 17
1237 2607 1245 2669 3
1270 2582 1396 2650 Comm.
1424 2583 1450 2665 1,
1468 2583 1498 2663 2,
1515 2583 1567 2663 24,

271 2682 320 2748 sic
337 2682 503 2771 Polybius
527 2709 642 2752 eorum
666 2709 832 2775 persaepe
856 2694 997 2754 secutus
1021 2694 1075 2754 est
1092 2689 1285 2774 exemplum
1304 2688 1403 2754 velut
1419 2688 1447 2768 3,
1464 2686 1567 2762 21,2;

270 2784 324 2859 τὰς
346 2785 402 2873 ,ἂρ
427 2789 475 2854 ἐπὶ
486 2791 651 2856 Λουτατίου
674 2792 834 2876 γενομένας
850 2788 1004 2877 συνθήκας
1027 2793 1057 2857 ἐν
1073 2799 1119 2879 τιν’
1141 2793 1266 2883 πολέμῳ
1281 2799 1326 2885 τῷ
1340 2791 1409 2875 περὶ
1423 2791 1567 2873 Σικελίας,

272 2881 419 2967 ταύτας
440 2894 559 2978 ἔφασαν
582 2890 643 2981 ἤδη
667 2896 958 2983 συντυμολυχημένας
980 2902 1062 2982 κτλ,
1086 2898 1115 2978 6,
1140 2898 1191 2977 31,
1215 2899 1244 2962 2.
1270 2898 1321 2978 56,
1345 2898 1383 2982 7,
1407 2897 1505 2979 9,12,
1529 2897 1568 2981 7,

272 2996 324 3077 30,
352 2999 399 3078 13,
424 3000 462 3084 2,
486 2999 528 3065 of.
554 3000 658 3066 etiam
680 3002 711 3082 4,
735 3002 787 3084 20,
813 3003 842 3068 3.
866 3003 918 3083 44,
948 3004 961 3065 l
988 3007 1023 3067 et
1046 3001 1196 3086 6,15,8,
1219 3002 1249 3081 8,
1274 3002 1303 3083 3,
1327 3002 1366 3086 4,
1392 2999 1568 3084 10,28,6,

276 3104 324 3184 11,
349 3103 378 3183 9,
403 3106 441 3189 2,
480 3104 529 3183 12,
553 3104 637 3185 soa,
662 3105 700 3190 3,
739 3106 787 3186 16,
813 3105 863 3186 18,
888 3106 928 3192 8,
967 3106 1018 3183 21,
1042 3108 1093 3185 21,
1125 3106 1165 3186 2,
1199 3105 1251 3187 24,
1276 3106 1305 3186 7,
1330 3106 1365 3191 3,
1400 3105 1451 3185 28,
1476 3105 1505 3185 6,
1530 3105 1568 3187 6,

273 3208 324 3287 30,
348 3209 378 3287 4,
403 3208 453 3289 16,
477 3205 529 3273 ita
559 3208 713 3296 quidem,
753 3214 856 3276 uteo
888 3210 1086 3298 pronomine
1118 3210 1400 3276 sententiam
1435 3229 1569 3298 quoque

273 3315 618 3398 praecedentem
643 3314 837 3399 significare
860 3338 928 3379 non
952 3315 1141 3385 dubitaret.
1165 3314 1218 3381 cf.
1243 3314 1304 3380 hos
1326 3315 1438 3380 locos:
1462 3316 1491 3393 6,
1518 3312 1568 3392 13,

272 3416 307 3497 7,
332 3415 361 3495 9,
388 3417 437 3497 12,
461 3417 500 3502 4,
541 3418 589 3497 11,
614 3419 644 3498 2,
668 3419 698 3483 2.
722 3418 752 3497 4,
779 3419 807 3484 1.
825 3420 854 3498 6,
880 3420 917 3503 2,
942 3418 991 3500 12,
1021 3418 1067 3497 14,
1091 3419 1120 3484 4,
1153 3419 1247 3499 15,5
1282 3423 1363 3483 aut:
1397 3418 1426 3499 2,
1451 3418 1501 3497 61,
1527 3417 1568 3501 4,

280 3520 325 3600 11,
351 3522 380 3600 2,
406 3521 442 3605 3,
469 3521 517 3601 16,
548 3521 593 3601 18,
622 3522 670 3587 10.
1341 3575 1348 3583 .

375 3625 512 3704 Restat,
536 3629 577 3690 ut
593 3626 699 3691 verba
715 3625 885 3692 faciamus
902 3626 942 3692 de
958 3627 1134 3713 particula
1150 3616 1177 3690 oi
1186 3650 1201 3700 ς
1225 3622 1268 3691 ἄν
1286 3627 1330 3693 ad
1345 3624 1568 3713 participium

273 3728 394 3794 addita
417 3734 453 3794 et
476 3728 516 3794 de
534 3729 726 3795 enuntiatis
745 3729 927 3816 ellipticis:
953 3728 993 3794 τὸ
1018 3730 1051 3794 δὲ
1070 3726 1324 3810 δεινότατον,
1349 3725 1389 3794 τὸ
1406 3724 1433 3794 δ’
1447 3729 1519 3811 ἔσχ
1531 3750 1568 3790 α-

272 3856 354 3914 τυν,
379 3831 419 3896 τι)
444 3834 485 3898 δὲ
509 3832 711 3918 μέγιστον.

375 3937 624 4026 Praeterquam
648 3938 737 4025 quod
748 3936 916 4026 Polybius
940 3939 1034 4005 solus
1058 3929 1085 4003 ‹o‘
1094 3963 1108 4011 ς
1132 3934 1154 4004 ἄ
1162 3961 1177 4001 ν
1200 3961 1261 4026 pro
1286 3929 1336 4013 αἷς
1359 3960 1435 4004 oum
1462 3959 1568 4003 sensu

271 4042 427 4108 adverbii
450 4043 570 4110 Latini
605 4043 832 4125 ,circiter‘
872 4043 1031 4109 adhibuit
1066 4043 1163 4110 velut
1196 4044 1230 4124 1,
1266 4044 1323 4123 46,
1355 4043 1385 4109 3.
1418 4043 1469 4123 67,
1510 4041 1566 4107 13:

271 4136 321 4221 oi<
346 4139 389 4211 ἂν
413 4145 518 4212 ἑκατὸν
542 4148 592 4212 καὶ
616 4148 710 4213 εἴκοσι
733 4141 847 4227 oseca,
879 4147 942 4214 hac
973 4147 1149 4234 particula
1179 4170 1254 4213 cum
1277 4147 1463 4234 participio
1489 4169 1567 4212 con·

272 4392 477 4404 —.--—-

377 4519 397 4587 ¹)
416 4519 459 4569 Gr.
480 4517 494 4585 ξ
512 4518 564 4567 486
583 4517 642 4568 adn.
662 4519 686 4568 5.

375 4604 396 4672 ²)
416 4606 454 4656 cf.
474 4604 582 4656 Stich.
602 4620 628 4669 p.
647 4605 707 4655 210.

375 4693 395 4759 8)
413 4692 474 4744 vid.
494 4692 662 4742 Kuehner.
682 4692 728 4744 Gr.
747 4689 762 4759 ξ
780 4692 839 4752 469,
858 4692 884 4740 4.
