3492 5300
762 473 954 537 „5-

314 649 356 714 ln
380 648 592 715 contrarium
615 670 764 714 errorem
787 645 911 712 incidit
933 645 1185 731 Luettgius
1208 644 1250 709 de
1274 643 1394 731 Polyb.
1426 644 1508 710 eloe.

212 776 243 840 p.
268 754 297 834 5,
339 775 426 833 cum,
462 756 704 839 praeterquam
727 748 817 837 quod
840 773 871 836 p.
899 749 940 814 10
962 749 1091 815 iniuria
1113 747 1258 836 Polybio
1291 745 1425 812 crimini
1449 745 1510 811 dat

210 857 393 922 verborum
416 854 630 943 quorundam
654 852 943 941 compositionem,
981 875 1068 941 quae
1091 850 1348 918 iamdudum
1369 848 1431 914 alii
1455 870 1509 915 ea·

212 960 288 1025 dem
312 957 563 1043 significatione
580 957 814 1022 adhibuerunt
837 955 937 1021 velut
959 953 1244 1038 προσεπιλέγία
1269 951 1506 1038 (of.Theophr.

213 1063 250 1131 Ο.
275 1061 326 1129 Pl.
347 1065 373 1142 1,
399 1061 449 1141 21,
475 1061 495 1125 7
519 1063 607 1142 etc),
632 1060 705 1126 sine
722 1060 794 1126 ullo
811 1059 884 1125 iure
901 1059 1089 1130 contendat
1099 1058 1282 1146 Polybium
1308 1048 1509 1140 ἀδήριτος,

213 1161 405 1241 ἄπλετος,
430 1156 612 1248 ἀτρεκής,
639 1163 836 1242 ἐξαίσιος,
869 1155 1120 1247 πρόσφατος,
1156 1152 1313 1245 ῥύσιον,
1339 1161 1437 1227 mult.
1463 1161 1505 1226 al.

212 1270 382 1337 vocabula
410 1291 427 1333 e
451 1289 605 1333 sermone
629 1266 813 1352 vulgari
836 1266 1020 1353 excepisse.

136 1425 141 1432 .
312 1366 516 1456 Ἆδήριτος
538 1369 597 1451 (cf.
624 1371 652 1449 1,
676 1371 706 1450 2,
731 1370 759 1434 3.
784 1369 835 1450 20,
854 1370 913 1452 12,
939 1371 1047 1455 saep.)
1071 1367 1160 1435 enim
1184 1368 1391 1433 vocabulum
1414 1390 1505 1454 poe·

213 1478 351 1544 ticum
375 1498 449 1542 esse
473 1473 579 1541 etiam
602 1473 811 1539 Stichius
833 1497 865 1560 p.
892 1474 954 1538 145
978 1472 1068 1539 dixit
1091 1471 1148 1558 (of.
1174 1471 1214 1537 Il.
1237 1472 1284 1551 17,
1298 1471 1358 1554 42,
1382 1471 1509 1537 Aesch.

213 1578 323 1645 Prom.
357 1580 443 1662 105).
490 1578 541 1644 De
571 1577 750 1643 vocabulis
785 1573 961 1650 ἄπλετος
992 1582 1027 1643 et
1060 1568 1234 1660 ἀτρεκής
1268 1574 1311 1641 cf.
1347 1575 1416 1642 hui.
1442 1575 1509 1641 dis-

214 1688 294 1749 sert.
319 1706 351 1770 p.
375 1684 406 1748 4.

316 1786 395 1853 Non
417 1786 531 1852 minus
555 1809 573 1852 e
596 1790 832 1873 poetarum
857 1806 1012 1850 sermone
1033 1784 1273 1870 depromptum
1291 1788 1345 1848 est
1368 1772 1510 1866 ῥύσιον

213 1893 257 1978 (4,
280 1891 331 1971 53,
356 1892 389 1973 2,
414 1891 466 1970 22,
489 1891 519 1971 4,
546 1890 595 1955 13.
622 1889 679 1971 17,
704 1889 755 1969 32,
783 1889 831 1968 17,
859 1888 908 1970 1),
934 1888 977 1957 cf.
1000 1887 1098 1953 Hom.
1126 1887 1167 1953 Il.
1194 1888 1245 1967 11,
1269 1888 1348 1969 673,
1384 1886 1509 1953 Aesch.

213 1994 332 2082 Suppl.
360 1994 430 2059 150.
456 1993 528 2058 314.
550 1993 629 2074 412,
654 1991 721 2075 Ag.
739 1992 818 2073 535,
843 1989 945 2078 Soph.
960 1990 1040 2056 Oed.
1056 1990 1092 2056 O.
1120 1991 1200 2073 858,
1236 1989 1324 2055 Phil.
1343 1990 1422 2072 959,

316 2092 554 2182 πρόσφατος
587 2095 687 2161 velut
713 2098 738 2176 l,
763 2096 815 2176 21,
840 2096 860 2160 0
895 2094 962 2160 iam
986 2094 1165 2160 invenitur
1189 2116 1242 2181 ap.
1267 2094 1365 2161 Hom.
1390 2094 1432 2160 Il.
1457 2097 1509 2178 24,

213 2203 292 2286 757,
317 2201 441 2268 Aesch.
456 2199 604 2286 Choeph.
628 2199 708 2281 804,
733 2198 816 2285 Lys.
841 2222 872 2286 p.
893 2200 963 2279 151,
988 2200 1025 2282 5,
1050 2197 1144 2265 Dein.
1170 2224 1201 2286 p.
1215 2199 1288 2280 551,
1316 2200 1373 2283 15,
1399 2198 1509 2267 Arist.

216 2305 260 2374 H.
285 2305 328 2370 Α.
353 2306 381 2385 3,
409 2308 436 2371 1.
463 2305 519 2387 14,
545 2303 657 2369 Probl.
682 2304 733 2384 21,
758 2303 797 2380 4,

317 2407 499 2481 ἐξαίσιος
522 2406 581 2490 (cf.
607 2408 656 2487 18,
681 2408 732 2487 20,
757 2407 777 2471 7
801 2411 837 2472 et
860 2407 920 2490 al.)
944 2406 1111 2492 scriptum
1135 2412 1191 2472 est
1206 2405 1373 2493 ap.Hom.
1391 2407 1433 2472 ll.
1462 2409 1510 2488 15,

212 2513 294 2595 508,
331 2512 392 2578 Od.
415 2513 446 2593 4,
470 2511 550 2592 600,
575 2511 699 2576 Aesch.
725 2507 843 2597 Suppl.
867 2511 949 2593 514,
984 2510 1070 2578 Xen.
1095 2510 1137 2575 H.
1163 2510 1276 2594 (11.4,
1301 2512 1330 2592 3,
1355 2512 1393 2594 8,
1418 2510 1509 2576 Plat.

212 2615 299 2683 Tim.
323 2638 355 2703 p.
379 2614 483 2698 2211,
507 2613 768 2681 Pseudo-Arist.
794 2614 835 2681 de
858 2613 975 2681 Mund.
1001 2618 1037 2699 6,
1062 2616 1160 2681 mult.
1187 2615 1230 2682 al.

319 2720 396 2802 Qua
431 2720 468 2786 in
501 2742 538 2786 re
569 2720 730 2808 quoniam
754 2720 810 2785 vel
844 2719 1137 2786 doctissimos
1171 2720 1264 2787 viros
1280 2723 1304 2804 1)
1340 2720 1510 2786 erravisse

213 2824 300 2891 satis
323 2825 568 2905 intelleximus,
604 2829 742 2911 tempus
776 2824 917 2912 aliquod
952 2829 988 2890 ct
1011 2825 1163 2891 laborem
1198 2824 1278 2891 huic
1312 2824 1427 2892 studio
1451 2824 1511 2890 im-

213 2930 342 3016 pertire
366 2929 426 2994 abs
449 2951 486 2994 re
510 2929 594 2994 mihi
617 2928 793 2995 minime
818 2950 892 2994 esse
916 2928 1065 2994 videtur.

835 3212 885 3282 A.

316 3379 391 3460 Iam
415 3381 618 3448 accedamus
642 3381 686 3446 ad
710 3405 749 3448 ea
780 3383 997 3469 exempla,
1034 3404 1121 3471 quac
1156 3383 1256 3471 quasi
1290 3382 1511 3471 prooemii

212 3482 286 3551 loco
311 3485 409 3550 nobis
433 3485 610 3552 afferenda
634 3508 708 3551 esse
732 3485 905 3566 videntur,
940 3487 1172 3573 proponenda,
1197 3487 1288 3554 unde
1312 3508 1507 3572 cognoscas,

213 3588 378 3677 quomodo
402 3589 647 3655 vocabulorum
668 3589 738 3655 vim
762 3589 953 3677 priorem
976 3591 1104 3679 partim
1128 3590 1384 3657 retinuerit
1407 3590 1509 3678 Poly-

212 3693 308 3774 bius,
350 3691 477 3780 partim
512 3692 901 3780 amplificaverit,
938 3699 973 3760 et
1008 3695 1173 3783 quomodo
1208 3695 1281 3762 eius
1314 3695 1508 3782 exemplum

211 3797 496 3885 posteriores
520 3820 650 3885 quoquc
684 3797 795 3863 secuti
819 3796 901 3879 sint,
926 3798 1025 3864 velut
1055 3799 1279 3866 Diodorus
1303 3797 1510 3876 SiculuS,

213 3900 460 3988 Dionysius
483 3899 939 3983 Halicarnassensis,
964 3900 1138 3984 Strabo,
1162 3902 1393 3990 Josephus
1416 3900 1510 3967 Fla-

213 4004 332 4086 vius,
357 4004 651 4087 Plutarchus,
676 4005 861 4092 scriptores
886 4006 1057 4089 saori2),
1082 4006 1190 4090 31113).

317 4266 336 4331 ¹)
356 4267 407 4316 Hic
426 4266 507 4316 etiam
526 4266 705 4317 numerandus
725 4270 767 4317 est
779 4266 1082 4328 Mollenhauerus,
1105 4267 1158 4331 qui,
1178 4272 1208 4318 ut
1226 4270 1348 4334 exemplo
1368 4273 1437 4330 uter,
1457 4269 1511 4320 dis·

213 4357 278 4405 sert.
298 4351 433 4403 deverbis
451 4367 509 4402 cum
527 4367 618 4418 praep.
632 4368 747 4418 compos.
758 4354 898 4419 Polybian.
917 4370 943 4419 p.
954 4355 987 4404 27
1006 4354 1117 4404 verbum
1135 4347 1341 4423 ἀφάλλεσθαι
1358 4356 1412 4422 (10,
1422 4356 1464 4416 48,
1476 4355 1509 4421 ὅ),

214 4439 283 4508 quod
302 4439 416 4503 legimus
435 4439 517 4490 etiam
537 4455 578 4505 ap.
598 4440 684 4491 Arist.
704 4440 736 4491 de
754 4441 841 4492 Anim.
861 4443 886 4507 2,
904 4442 920 4490 8
938 4439 1014 4506 med,
1033 4441 1150 4491 sermoni
1168 4442 1306 4506 poetico
1326 4442 1432 4492 tribuit.

317 4526 339 4591 ²)
364 4525 396 4576 Id
412 4525 481 4591 quod
511 4526 592 4576 etiam
618 4528 837 4579 commemoravit
863 4542 913 4593 per
940 4528 1108 4578 occasionem
1126 4527 1152 4578 J.
1172 4527 1385 4593 Bernaysius
1404 4528 1510 4578 Hcracl.

213 4612 301 4677 Epist.
321 4627 345 4676 p.
366 4613 416 4661 120
441 4610 539 4678 (Berol.
560 4613 645 4677 1869).

316 4697 341 4763 ⁸)
360 4699 399 4749 01.
419 4698 675 4762 Schenkelium,
696 4701 772 4752 Burs.
791 4698 947 4751 Jahrosher.
966 4702 1018 4752 vol.
1038 4702 1071 4752 38
1089 4717 1115 4766 p.
1134 4702 1193 4752 233.
