3492 5300
681 1357 821 1467 Pars
868 1356 946 1465 ΙΙ.

190 1745 256 1815 De
286 1742 673 1831 observationibuS,
703 1766 810 1838 quae
841 1744 1026 1818 attinent
1055 1743 1110 1817 ad
1139 1742 1432 1839 syntaxim.

268 2089 319 2155 De
343 2091 405 2155 hoc
430 2089 566 2177 quidem
591 2089 704 2176 capite
736 2092 803 2156 etsi
834 2096 907 2155 tam
938 2091 1086 2156 multum
1098 2094 1123 2175 ¹)
1153 2090 1371 2178 disputatum
1395 2100 1459 2172 est,

164 2197 205 2258 ut
229 2192 359 2280 aliquid
383 2193 464 2259 uovi
487 2194 611 2259 afferre
633 2185 886 2260 'difficillimum
911 2216 984 2261 esse
1018 2195 1100 2261 mihi
1124 2195 1295 2275 videatur,
1332 2200 1460 2273 tamen,

164 2318 252 2384 quae
268 2319 379 2383 pauca
395 2297 478 2363 mihi
489 2297 614 2384 Polybi
630 2298 853 2364 historiarum
873 2299 981 2365 libros
999 2300 1130 2385 legenti
1147 2302 1339 2364 memoratu
1357 2298 1461 2383 digna

163 2405 248 2466 suut
270 2400 355 2480 visa,
381 2402 443 2466 hac
468 2401 723 2468 dissertationis
748 2423 843 2467 meae
866 2402 1043 2489 particula
1067 2403 1286 2490 expositurus
1311 2425 1396 2466 sum.

268 2504 420 2569 Primum
446 2512 566 2596 autem
597 2506 864 2572 commemorabo
904 2529 962 2572 eas
998 2530 1061 2588 res,
1102 2528 1188 2595 quae
1219 2510 1380 2592 spectant
1418 2505 1462 2569 ad

164 2629 266 2675 casus
290 2608 561 2694 genetivum,
587 2612 920 2691 accusativum,
954 2611 1181 2679 dativum·

270 2712 435 2802 Sequitur
458 2736 562 2781 casus
584 2715 838 2801 genetivus.

268 2817 451 2904 Polybium
482 2819 517 2884 in
557 2827 737 2885 verborum
771 2825 953 2886 structura
991 2821 1143 2907 plurima
1173 2819 1354 2885 novavisso
1390 2818 1459 2884 iam

164 2919 284 2986 docuit
307 2919 460 2987 Stichius
475 2925 502 3004 2)

270 3025 343 3091 Hoc
367 3025 440 3091 loco
464 3026 582 3112 placet
604 3025 730 3093 addere
762 3028 904 3094 verbum
939 3018 1206 3111 σκήπτεσθαι,
1247 3026 1337 3114 quod
1368 3026 1462 3091 solus

165 3126 333 3216 Polybius
356 3130 453 3217 isque
478 3152 545 3196 uno
569 3131 642 3196 loco
666 3131 730 3214 (28,
755 3131 785 3212 8,
810 3133 846 3216 6)
870 3155 946 3197 cum
977 3131 1193 3218 genetivo
1225 3130 1463 3196 infinitivi

165 3231 363 3299 coniunxit:
389 3227 553 3317 ἐσκήπτετο
571 3234 604 3299 δὲ
620 3239 689 3298 τοῦ
704 3231 744 3319 μή
761 3242 953 3319 παραχρῆμα
978 3236 1357 3318 συγκατατίθεσθαι
1379 3240 1460 3316 κτλ,

166 3341 288 3403 contra
312 3337 354 3404 cf.
378 3338 430 3418 29,
453 3339 517 3418 -17,
541 3339 578 3403 b:
615 3330 809 3423 σκηψάμενος
828 3328 973 3422 Ἡρακλεῖ
1002 3335 1131 3420 θύειν,
1169 3338 1253 3404 item
1276 3337 1370 3402 Plut.
1396 3335 1457 3402 Ca·

167 3441 253 3507 mill.
279 3443 336 3524 39,
370 3441 440 3508 Pol.
466 3443 516 3521 39,
543 3442 592 3523 12,
619 3443 675 3506 ll:
708 3433 900 3526 σκηψάμενος
923 3436 1154 3526 αἀθὲνειαν,
1180 3444 1224 3508 cf.
1248 3442 1352 3508 etiam
1378 3440 1461 3507 Hdt.

165 3548 195 3628 7,
222 3547 264 3612 28
288 3545 328 3610 τί
356 3570 433 3612 cum
457 3570 525 3637 seq.
548 3547 628 3631 inf.;
652 3547 828 3614 Demosth.
854 3541 1042 3632 σκήπτεσθαι
1063 3554 1117 3640 τῷ
1140 3549 1273 3630 νομίζειν.

269 3650 350 3717 Jam
374 3653 533 3717 afferam:
558 3650 664 3736 παραὶ
688 3649 828 3735 μικρὸν
859 3653 1102 3736 ἔρχεσθαεῧ).

270 3754 320 3822 Ut
342 3755 510 3843 Polybius
532 3752 602 3840 παρ’
626 3751 769 3840 ὀλίγον
791 3757 937 3841 ἔρχεσθαι
960 3780 1036 3823 cum
1059 3757 1271 3843 genetivo
1296 3754 1461 3820 infinitivi

166 3861 376 3947 coniungere
392 3884 461 3927 non
478 3861 618 3928 dubitat
633 3862 733 3928 velut
754 3863 784 3942 2,
802 3862 853 3940 55,
870 3862 907 3944 4,
933 3862 984 3941 33,
1002 3861 1031 3942 3,
1050 3862 1067 3926 1
1093 3863 1229 3946 (contra
1245 3859 1287 3925 cf.
1302 3860 1353 3939 33,
1374 3860 1402 3939 1,
1418 3858 1462 3940 4),

167 3965 218 4030 ita
242 3966 346 4031 etiarn
369 3960 452 4049 παμοὶ
475 3961 616 4049 μικρὸν
640 3968 785 4051 ἔρχεσθαι
806 3971 877 4030 τοῦ
899 3988 975 4031 oum
999 3965 1060 4030 inf.
1085 3988 1153 4054 seq.
1170 3967 1234 4045 (ll,
1251 3965 1280 4044 7,
1300 3966 1331 4047 1)
1355 3963 1462 4050 pouit,

167 4089 245 4132 oum
269 4070 454 4157 scriptores
479 4070 592 4137 Attici
615 4070 908 4137 infinitivum
933 4069 1077 4135 solum
1101 4069 1331 4150 adhibuerint,
1364 4067 1464 4134 velut

167 4170 271 4238 Isoor.
295 4196 326 4259 p.
352 4174 470 4257 367Β,
506 4173 589 4239 Eur.
615 4174 751 4240 Heracl.
785 4175 865 4257 295,
907 4172 949 4239 cf.
983 4174 1088 4240 etiam
1111 4172 1186 4244 Pol.
1212 4176 1237 4253 1,
1263 4173 1315 4252 43,
1340 4174 1375 4255 7,
1414 4173 1463 4252 12,

166 4276 219 4356 20,
244 4276 283 4359 7,
308 4275 390 4342 Luc.
415 4276 498 4343 Tox.
522 4279 574 4345 61.

271 4523 290 4589 Ι)
310 4523 348 4574 cf.
368 4523 475 4575 Stich.
495 4539 521 4589 p.
542 4525 588 4573 151
610 4538 658 4585 ss,
679 4523 842 4573 Kaelker.
862 4537 888 4588 p.
907 4522 956 4571 261
978 4536 1013 4574 ss.

271 4610 292 4676 2)
311 4611 350 4662 of.
369 4610 477 4662 Stich.
496 4626 522 4676 p.
542 4611 599 4661 151.

270 4696 290 4762 ³)
310 4697 348 4748 cf.
368 4699 528 4751 Kaellrer.
547 4716 570 4762 μ.
590 4699 642 4748 2ὗ4
660 4701 688 4749 ct
707 4699 765 4749 302.
