3492 5300
755 443 967 506 ...15-

730 710 887 817 .D·

316 878 521 967 Priusquam
551 880 595 945 ad
637 880 895 958 dissertationis
937 902 1032 946 meae
1063 884 1181 966 partes
1216 883 1288 944 tres
1322 883 1510 960 transeam,

211 981 319 1047 liceat
342 982 426 1049 mihi
447 983 510 1050 hoc
538 984 613 1050 loco
638 983 848 1051 sententiam
880 983 1124 1071 pronuntiare,
1161 1005 1259 1071 quae,
1298 981 1365 1047 etsi
1388 981 1509 1047 multis

212 1084 303 1150 haud
326 1083 527 1152 verisimilis
552 1109 625 1154 esse
650 1087 821 1169 videatur,
845 1093 962 1154 tamen
986 1088 1085 1153 nobis
1110 1093 1164 1152 est
1188 1085 1397 1174 exponenda.

315 1188 401 1256 Cum
426 1191 516 1256 enim
538 1190 720 1278 Polybium
756 1198 792 1257 et
815 1198 1047 1278 poetarum
1083 1189 1508 1278 etphilosophorum

210 1293 467 1382 multorumque
506 1295 712 1381 scriptorum
751 1295 938 1361 aliorum
979 1295 1078 1376 libris
1119 1293 1323 1360 lectitandis
1369 1316 1507 1380 operam

209 1419 359 1462 navasse
382 1397 582 1463 iamdudum
605 1399 702 1464 nobis
724 1422 929 1486 persuasum
952 1400 1009 1481 sit,
1041 1399 1123 1487 quid
1147 1404 1210 1479 est,
1244 1397 1334 1485 quod
1359 1397 1506 1462 miretur

209 1502 401 1589 quisquam,
426 1501 455 1565 si
478 1501 622 1568 dicimus
647 1503 746 1568 illum
763 1503 868 1569 etiam
885 1503 1183 1592 Hippocratis
1206 1501 1329 1568 medici
1344 1502 1508 1567 librorum

212 1626 359 1691 gnarum
384 1604 516 1671 fuisse?

313 1709 355 1773 In
377 1708 533 1794 legendis
557 1711 646 1775 enim
659 1710 783 1798 Polybi
806 1712 1030 1778 historiarum
1051 1709 1149 1776 libris
1165 1710 1259 1776 haud
1279 1733 1389 1797 pauca
1406 1732 1505 1776 voca·

210 1812 291 1877 bula
313 1812 440 1895 iuveni,
476 1836 572 1901 quae,
608 1816 698 1902 quod
732 1840 793 1882 nos
828 1815 965 1904 quidem
1000 1815 1158 1894 sciamus,
1194 1821 1298 1881 ante
1322 1815 1507 1901 Polybium

208 1940 277 1982 non
299 1916 466 2003 leguntur
488 1917 556 1983 nisi
579 1918 671 2004 apud
694 1918 1022 2006 Hippocratem.
1062 1919 1112 1984 Ob
1137 1941 1211 1984 eam
1234 1942 1315 2000 rem,
1341 1919 1409 1985 etsi
1432 1941 1508 2005 per-

209 2043 334 2105 magna
357 2021 558 2086 litterarum
582 2021 793 2087 Graecarum
816 2022 954 2087 iactura
977 2021 1074 2087 11111
1097 2028 1165 2104 est,
1201 2028 1317 2088 tamen
1350 2022 1507 2110 equidem

208 2129 293 2210 puto
318 2145 461 2189 menon
486 2125 586 2208 longe
622 2130 761 2191 erecta
784 2125 961 2190 sententia
984 2126 1154 2205 aberrare,
1192 2125 1222 2191 si
1245 2126 1379 2193 affirmo
1403 2127 1504 2215 Poly-

209 2226 302 2290 bium
325 2225 422 2291 illius
446 2227 568 2293 medici
591 2228 697 2294 libros
721 2229 986 2315 diligentissime
1010 2229 1199 2316 perlegisse
1215 2253 1399 2319 eorumque
1422 2253 1505 2296 non·

208 2330 316 2410 nulla,
357 2331 482 2418 quippe
505 2331 564 2419 qui
587 2333 774 2418 plurimum
798 2333 932 2399 valeret
957 2333 1128 2414 memoria,
1164 2334 1227 2399 hac
1262 2335 1507 2422 comprehensa

209 2433 373 2500 tenuisse.

312 2573 522 2660 Exempla
545 2579 661 2639 autem
685 2580 784 2640 sunt:

312 2696 556 2761 πολυποσίας
581 2697 702 2781 largus
726 2698 799 2764 sive
826 2698 959 2784 largior
978 2704 1081 2786 potus
1112 2721 1166 2785 ap.
1183 2698 1288 2785 Hipp.
1311 2721 1344 2785 p.
1362 2698 1446 2763 1258
1459 2698 1503 2782 G,

309 2800 490 2865 immodica
513 2800 721 2886 compotatio
735 2803 757 2884 ¹)
782 2823 836 2888 ap.
860 2802 932 2867 Pol.
956 2803 985 2883 5,
1013 2804 1061 2883 15,
1085 2804 1119 2881 2,
1145 2804 1196 2882 29,
1223 2803 1272 2883 13,
1301 2804 1336 2883 1,

312 2903 354 2969 11.
378 2902 471 2969 Plut.
495 2903 580 2970 Mor.
604 2928 636 2991 p.
660 2904 786 2988 624A3
833 2905 917 2971 Ath.
944 2905 986 2971 10
1007 2929 1039 2993 p.
1063 2906 1187 2990 415F3
1233 2907 1332 3009 Diog.
1356 2906 1395 2972 L.
1419 2907 1503 2988 4,·8.

206 3007 841 3092 01111111.Χ111.Μ1111.1,2,22,
888 3011 918 3089 2,
942 3011 983 3075 61
1009 3011 1215 3096 (1111111111),
1262 3011 1349 3078 Plat.
1375 3010 1516 3080 Phaed.

182 3302 185 3303 γ
314 3209 488 3296 cro'opu:
514 3221 653 3302 sputum
671 3238 724 3303 ap.
739 3216 842 3303 Hipp.
860 3239 892 3303 p.
906 3218 957 3298 65,
974 3218 1030 3301 41,
1049 3218 1120 3298 390,
1139 3219 1193 3301 55,
1213 3218 1276 3284 184
1290 3218 1336 3303 Β,
1353 3219 1427 3301 402,
1446 3220 1502 3304 18,

312 3318 383 3384 ead.
407 3318 522 3404 signif.
546 3342 599 3406 ap.
624 3319 697 3387 Pol.
721 3307 827 3401 8,14,
851 3321 888 3404 5,
1284 3384 1287 3388 ,

311 3422 354 3489 11.
380 3424 485 3489 etiam
509 3423 606 3491 Orac.
631 3423 755 3511 Sibyll.
782 3427 809 3502 1,
835 3426 909 3490 365.
956 3423 1087 3490 Contra
1111 3425 1153 3490 11.
1182 3425 1267 3492 Xen.
1290 3425 1392 3492 Mem.
1419 3428 1447 3507 1,
1472 3429 1503 3509 2,

210 3525 254 3590 54
277 3527 427 3611 (σίαλον),
459 3527 570 3593 Arist.
605 3528 647 3593 H.
666 3530 708 3593 A.
731 3530 761 3611 8,
786 3530 828 3595 29
851 3521 1017 3613 (redelor).

317 3629 486 3701 ἔνδεσιςε
511 3654 629 3711 nexus,
655 3633 795 3698 conexio
818 3656 870 3720 ap.
887 3633 992 3719 Hipp.
1016 3633 1057 3699 de
1088 3632 1162 3698 Oss,
1187 3632 1267 3699 Nat.
1293 3657 1325 3721 p.
1344 3635 1417 3716 279,
1444 3637 1484 3701 17
1493 3659 1500 3719 ,

308 3732 488 3812 revinctio,
512 3733 666 3815 insertio,
692 3735 831 3801 conexio
855 3758 909 3822 ap.
933 3737 1004 3803 Pol.
1029 3737 1059 3816 6,
1083 3737 1134 3817 23,
1161 3736 1217 3817 11,

310 3835 352 3900 11.
375 3835 508 3902 Philon.
533 3836 652 3924 Belop.
676 3838 712 3902 in
735 3838 898 3905 Mathem.
921 3840 1018 3907 Vett.
1041 3865 1074 3928 p.
1099 3842 1149 3906 99.
1188 3840 1320 3907 Contra
1344 3842 1385 3909 11.
1411 3842 1501 3909 Plat.

206 3937 313 4024 Legg.
338 3940 376 4004 11
400 3962 422 4026 p
456 3941 519 4006 933
541 3941 576 4005 Α
600 3936 794 4027 (κατάδεσις).

315 4036 596 4129 superpetenti:
622 4046 816 4112 observatio
841 4069 894 4134 ap.
910 4046 1014 4134 Hipp.
1039 4073 1070 4136 p.
1095 4049 1188 4130 1278,
1212 4049 1271 4132 53,

310 4147 519 4232 praesidium
543 4149 638 4214 urbis
663 4171 716 4236 ap.
740 4149 812 4218 Pol.
836 4152 865 4231 2,
891 4151 942 4232 58,
968 4151 1002 4234 1,
1026 4153 1057 4233 4,
1083 4153 1133 4234 17,
1158 4153 1194 4236 9,

310 4249 353 4315 11.
376 4249 475 4316 Diod.
513 4253 563 4333 17,
599 4253 656 4334 71,
696 4253 830 4341 Eunap.
865 4280 898 4343 p.
932 4257 984 4321 47.
1030 4255 1161 4323 Contra
1196 4256 1239 4322 11.
1274 4256 1358 4321 Η111.
1395 4258 1424 4337 7,
1460 4257 1503 4323 59

205 4346 373 4438 (φρουρά),
419 4353 525 4421 Thue.
549 4357 578 4436 2,
612 4356 763 4440 13113,
798 4359 838 4424 51
864 4350 1030 4444 (τήρησις),
1081 4359 1124 4424 11.
1161 4359 1265 4425 etiam
1296 4358 1501 4426 Ρ111.Ρ1111.

205 4457 247 4523 38
270 4456 300 4521 Β
324 4458 475 4543 (θεωρία).

205 4597 413 4609 -—-.—.-.-

309 4665 330 4734 1)
350 4668 388 4718 or.
407 4668 462 4720 11.
482 4667 589 4721 dissert.
608 4671 662 4734 pt
681 4674 709 4721 et
727 4673 751 4722 s.
