3492 5300
305 1584 592 1718 Polybianas
627 1629 672 1695 ad
706 1631 927 1717 quaestiones
963 1630 1159 1696 incumbere
1194 1636 1234 1697 ut
1265 1633 1415 1698 animum
1446 1633 1496 1700 in·

200 1736 367 1816 ducerem,
403 1758 478 1801 cum
503 1733 629 1818 scholis
653 1756 674 1799 a
696 1732 873 1799 Woelff
881 1734 992 1814 lino,
1018 1735 1185 1820 magistro
1220 1735 1428 1818 doctissimo,
1460 1739 1497 1805 in

204 1838 387 1905 seminario
411 1837 618 1925 philologiae
642 1836 841 1904 Monacensi
862 1837 993 1903 habitis
1016 1843 1090 1903 tum
1113 1838 1251 1925 ingenio
1276 1839 1401 1927 Polybi
1423 1843 1497 1930 ipso

201 1966 275 2008 sum
299 1947 498 2010 commotus.

304 2045 391 2113 Cum
416 2046 504 2111 enim
530 2068 572 2110 ex
586 2045 777 2111 Alexandri
793 2046 1005 2133 temporibus
1021 2068 1135 2112 rerum
1153 2047 1339 2134 scriptores
1355 2049 1497 2135 plurimi

201 2156 237 2216 et
270 2173 386 2215 rerum
420 2149 568 2215 materia
602 2148 767 2236 copiaque
810 2150 984 2214 uberrima
1025 2155 1061 2215 et
1104 2151 1313 2217 credulitate
1349 2152 1496 2239 quadam

202 2254 376 2321 occaecati
399 2253 475 2319 veri
496 2253 616 2320 iudicii
639 2252 830 2320 severitate
855 2254 1052 2320 caruissent
1075 2260 1112 2319 et
1135 2254 1169 2319 in
1192 2255 1355 2321 veritatis
1379 2278 1497 2343 super·

200 2359 331 2425 latione
355 2381 395 2424 ac
418 2359 625 2425 traiectione
641 2357 806 2444 mirisque
822 2359 925 2422 rebus
942 2358 1175 2425 describendis
1193 2359 1358 2425 delectati
1381 2367 1499 2427 essent

201 2468 245 2544 ot,
271 2467 311 2528 ut
335 2485 390 2528 res
414 2486 456 2527 ex
478 2483 548 2527 una
571 2461 757 2548 eademque
774 2460 908 2526 ratione
925 2462 1159 2543 aestimarent,
1184 2466 1323 2527 tantum
1340 2462 1497 2546 afuisset,

201 2573 387 2633 utcontra
411 2565 696 2632 declamationem
720 2564 894 2653 quandam
919 2571 955 2631 et
978 2567 1159 2632 verborum
1182 2566 1318 2633 inanem
1346 2568 1499 2633 sonitum

201 2672 376 2759 salemque
399 2670 664 2759 haudquaquam
682 2671 850 2736 urbanum
868 2692 889 2734 a
913 2670 1108 2736 rhetoribus
1131 2671 1281 2758 petitum
1304 2672 1498 2739 adamavis·

200 2781 287 2857 sent,
311 2774 547 2862 Polybius,
581 2797 680 2862 quem
705 2773 855 2845 omnium
879 2773 975 2840 illius
1007 2773 1136 2839 aetatis
1166 2775 1356 2862 prinoipem
1388 2776 1498 2843 fuisse

198 2901 314 2945 rerum
338 2880 546 2965 scriptorum
569 2877 718 2943 forsitan
753 2876 847 2942 haud
869 2876 998 2943 iniuria
1036 2876 1223 2964 opinemur,
1259 2900 1334 2944 oum
1358 2901 1421 2966 per
1442 2885 1499 2947 tot

200 3004 307 3048 annos
334 2982 457 3066 ingens
488 2982 578 3048 illud
610 2982 841 3047 Romanorum
873 2981 1053 3068 imperium
1084 2985 1189 3068 atque
1219 3004 1291 3047 rem
1323 2980 1498 3070 publicam

200 3086 418 3170 cognovisset
440 3091 484 3166 et,
523 3107 610 3173 quae
635 3086 667 3149 ei
698 3090 774 3150 erat
797 3085 1022 3151 familiaritas
1046 3109 1122 3152 cum
1147 3086 1377 3153 Romanorum
1401 3091 1497 3156 nobi·

198 3188 351 3271 lissimis,
377 3211 491 3254 eorum
514 3211 586 3253 rem
610 3187 796 3253 militarem
821 3189 909 3253 satis
932 3190 1176 3276 perspexisset,
1213 3212 1311 3256 omne
1343 3190 1497 3257 studium

199 3316 397 3381 omnemque
420 3293 547 3359 virium
570 3292 824 3358 contentionem
847 3292 997 3358 contulit
1020 3292 1065 3357 ad
1088 3293 1312 3359 historiarum
1327 3294 1496 3361 Romana-

199 3421 275 3463 rum
310 3396 572 3463 conscribendos
611 3395 844 3483 quadraginta
876 3396 992 3477 libros,
1033 3418 1118 3483 quos
1154 3395 1230 3462 iure
1265 3420 1303 3463 ac
1337 3398 1495 3469 merito¹l

198 3502 516 3587 πραγματείανῖ)
540 3500 766 3588 nuncupavit.

304 3606 444 3687 Quanta
468 3609 586 3671 autem
608 3605 644 3669 in
659 3604 762 3670 rebus
780 3609 816 3669 et
831 3602 1062 3670 diiudicandis
1080 3608 1115 3670 et
1132 3603 1346 3692 explicandis
1361 3607 1497 3673 ratione

198 3708 405 3796 πραγματείαν
438 3708 537 3773 illam
574 3706 804 3794 composuerit
845 3712 882 3773 et
915 3712 1047 3796 quanta
1081 3712 1160 3775 arte
1194 3731 1250 3776 res
1281 3709 1497 3776 ordinaverit

199 3821 396 3903 quantoque
419 3812 577 3880 omnibus
599 3817 680 3900 post
695 3834 791 3878 suam
814 3818 968 3879 aetatem
984 3813 1206 3899 praestiterit
1220 3836 1336 3881 rerum
1352 3814 1495 3902 scripto-

198 3920 305 4001 ribus,
329 3942 372 3985 ne
395 3917 516 4005 paucis
539 3917 675 4007 quidem
698 3939 868 4004 exponere
890 3918 975 3984 mihi
997 3922 1171 4005 proposui.

302 4023 369 4090 Sed
403 4024 444 4090 de
476 4022 736 4089 elocutione
776 4021 916 4089 eiusne
949 4023 1143 4104 scriberem,
1184 4023 1389 4110 praesertim
1419 4045 1495 4090 cum

198 4127 358 4216 princeps
375 4132 467 4194 esset
477 4126 644 4215 Polybius
662 4148 778 4192 eorum
793 4125 1012 4213 scriptorum,
1037 4149 1122 4215 quos
1138 4125 1358 4211 grammatici
1374 4127 1496 4194 dicunt

197 4226 339 4297 κοιναό
351 4234 412 4312 ς3),
437 4253 458 4297 a
481 4252 534 4296 me
557 4230 695 4296 minime
718 4229 914 4316 impetravi.

303 4438 326 4506 1)
345 4439 384 4491 Of.
403 4440 502 4504 Leop.
522 4438 767 4494 Schmidtium:
786 4441 836 4492 Dia
854 4439 941 4491 Ethik
959 4437 1007 4489 der
1025 4439 1098 4490 alten
1118 4438 1251 4489 Griechen
1268 4438 1322 4489 vol.
1341 4440 1363 4489 I.
1382 4455 1407 4504 p.
1424 4440 1465 4490 85.

300 4530 324 4588 ²)
344 4526 383 4578 Cf.
402 4526 617 4577 Hirzclium:
642 4526 883 4591 Untersuchungcn
903 4542 936 4576 zu
955 4526 1063 4578 Ciceros
1081 4525 1233 4591 philosoph.
1244 4524 1383 4576 Schriften
1398 4541 1423 4591 p.
1443 4526 1492 4575 841

199 4627 251 4677 ss.;
269 4614 320 4662 889
339 4627 388 4675 ss.;
408 4612 459 4662 898
478 4624 529 4675 ss.;
547 4612 605 4662 903.

302 4697 324 4764 3)
342 4698 381 4749 of.
400 4700 430 4749 B.
449 4699 635 4750 Wobstium
654 4699 824 4750 Fleckeisoni
843 4700 931 4751 annal.
956 4703 976 4750 t.
996 4699 1045 4750 129
1064 4714 1089 4764 p.
1110 4699 1157 4748 121
1178 4713 1199 4748 s.

1341 4786 1352 4834 l
