3492 5300
751 447 1063 513 -37..,

172 695 174 697 v
313 618 568 707 Nonnunquam
592 619 884 707 praepositionem
907 619 943 685 in
965 619 1115 686 medio
1138 611 1387 705 genetivorum,
1420 646 1505 712 quos

203 724 306 808 regit,
331 722 465 811 posuit:
502 724 530 805 3,
566 724 617 803 27,
655 724 693 802 2;
736 724 910 805 29,13,2
947 730 1010 790 aut
1032 724 1193 811 genetivo
1225 726 1506 814 postposuit

203 824 305 892 velut
329 825 357 906 1,
381 826 433 908 56,
457 828 492 904 3;
515 828 544 908 3,
571 828 621 907 37,
644 829 683 905 4;
706 829 735 909 5,
758 828 811 909 44,
837 828 888 895 11.
912 828 964 909 82,
988 828 1026 905 4;
1049 827 1132 895 item
1156 828 1185 910 5,
1209 830 1261 910 84,
1286 830 1321 895 9:
1354 836 1414 894 τῶν
1438 830 1505 897 tls·

205 921 326 1012 φάντων
351 925 484 1008 ἐντός;
509 929 551 997 cf.
577 930 683 997 etiam
707 932 737 1013 3,
760 932 812 1013 24,
836 932 857 998 2
881 936 918 998 ct
940 931 970 1012 5,
993 932 1045 1012 85,
1070 932 1106 1010 3;
1130 937 1251 999 contra
1267 931 1310 1000 cf.
1327 933 1379 1014 28,
1396 934 1448 1014 21,
1474 935 1503 999 3.

315 1033 415 1100 Nunc
439 1034 642 1101 accedamus
666 1035 710 1101 ad
740 1035 961 1102 verborum
984 1034 1327 1103 collocationem.

313 1137 478 1225 Inprimis
511 1138 635 1226 quibus
669 1139 835 1207 artibus
867 1144 1075 1227 quattuor
1108 1140 1326 1227 potissimum
1349 1164 1433 1208 usus
1458 1140 1505 1206 sit

206 1241 389 1330 Polybius,
429 1249 471 1308 ut
504 1242 712 1309 usitatam
745 1242 928 1308 verborum
966 1242 1206 1328 regentium
1241 1244 1502 1313 collocationem
1638 1327 1641 1330 ῃ

206 1346 366 1427 evitaret,
391 1368 561 1434 exponere
583 1345 667 1412 mihi
690 1345 805 1413 liceat.

315 1451 469 1519 Primum
492 1449 658 1537 Polybius
682 1449 727 1515 ad
749 1450 942 1518 sexcenties
966 1451 1167 1537 septuagies
1201 1451 1435 1519 subiectum
1459 1454 1501 1519 in

207 1555 428 1623 enuntiati
451 1554 543 1621 fine
565 1554 692 1641 posuit.

315 1659 447 1727 Deinde
489 1659 534 1725 ad
570 1658 750 1726 ducenties
788 1658 895 1725 vicies
928 1659 1180 1726 vocabulum
1220 1681 1241 1725 a
1281 1660 1501 1745 genetivo,

206 1785 323 1851 quem
347 1764 474 1849 regit,
499 1763 682 1830 interiecto
706 1763 809 1829 verbo
834 1762 1028 1830 semovit.

316 1867 403 1933 Tum
426 1868 599 1933 verbum
627 1867 739 1934 inter
762 1866 1080 1932 substantivum
1112 1871 1154 1933 et
1186 1867 1416 1934 articulum
1445 1868 1501 1935 vel

207 1972 479 2040 attributum
501 1972 579 2058 plus
603 1970 857 2058 septingenties
880 1970 1075 2038 collocavit.

316 2075 472 2164 Denique
495 2097 660 2163 persaepe
677 2099 764 2142 eum
787 2096 943 2155 casum,
969 2096 1084 2162 quem
1107 2074 1278 2141 verbum
1300 2075 1432 2162 regit,
1457 2075 1503 2141 in

207 2178 302 2244 fine
326 2179 545 2245 enuntiati
568 2179 694 2266 posuit.

319 2282 450 2365 Quodsi
474 2306 642 2351 causam
666 2284 872 2372 quaerimus,
890 2305 952 2349 eur
963 2281 1132 2369 Polybius
1148 2287 1220 2347 tam
1243 2281 1503 2350 inusitatam

206 2388 390 2454 verborum
425 2387 684 2454 collocationem
718 2385 946 2474 praetulerit,
983 2385 1237 2453 Kaelkerus
1272 2388 1317 2472 (p.
1341 2386 1419 2469 259)
1453 2408 1504 2455 13·

207 2491 374 2578 spondere
406 2496 568 2573 conatur,
604 2514 681 2558 cum
707 2491 821 2558 dicat:
862 2490 926 2575 ,in
962 2490 1247 2558 collocatione
1280 2491 1505 2558 verborum

207 2596 412 2683 permulta
434 2601 641 2683 poterunt
670 2594 878 2678 inveniri,
914 2616 1017 2684 quae
1040 2594 1186 2663 eodem
1215 2594 1329 2661 m'odo
1353 2594 1504 2680 (dixerat

207 2698 296 2765 enim
320 2700 362 2765 de
385 2699 485 2766 hiatu
516 2721 537 2764 a
559 2698 704 2787 Polybio
735 2700 881 2785 evitato)
917 2699 1174 2789 explicanda
1196 2702 1327 2766 sunt.“

314 2804 367 2870 At
401 2805 506 2871 haec
539 2805 596 2869 lex
630 2805 661 2871 si
682 2804 798 2885 valet,
834 2809 929 2870 certe
958 2804 1037 2892 plus
1069 2803 1242 2871 dimidio
1276 2803 1428 2870 locorum
1464 2825 1503 2870 ea

207 2909 460 2996 comprobanda
483 2915 547 2975 est.
593 2908 705 2997 Atqui
728 2907 884 2997 equidem
908 2908 1025 2975 inveni
1047 2907 1127 2974 inde
1151 2908 1193 2973 ab
1216 2906 1318 2975 initio
1341 2907 1502 2974 historia-

206 3035 284 3079 rum
306 3013 472 3079 librorum
504 3013 588 3100 ipso,
624 3036 690 3101 quo
712 3011 837 3100 Polybi
871 3012 1025 3078 studium
1060 3013 1243 3079 verborum
1275 3011 1502 3078 collocatione

199 3117 368 3192 hiatum
392 3117 582 3183 evitandi
604 3116 761 3205 inprimis
785 3117 920 3183 elucere
945 3116 1101 3197 debebat,
1126 3116 1203 3182 vix
1224 3116 1377 3183 locorum
1400 3121 1502 3204 parte

207 3220 352 3312 tertias
374 3220 542 3288 eiusmodi
574 3220 698 3308 Polybi
732 3220 913 3288 consilium
948 3220 1064 3306 detegi
1098 3242 1207 3307 posse.
1255 3219 1347 3305 Ergo
1370 3220 1502 3285 1113111

207 3315 546 3414 13101030110101311
569 3346 728 3391 servasse
751 3324 868 3391 nullo
892 3323 1009 3390 modo
1033 3323 1241 3390 contendere
1264 3346 1457 3410 possumus.

314 3428 388 3515 Ego
424 3429 559 3517 quidem
594 3428 712 3516 potius
754 3450 911 3495 censeam
952 3426 1136 3514 Polybium
1181 3426 1275 3494 nisi
1308 3433 1502 3494 coactum

206 3533 312 3600 verba
334 3534 494 3619 regentia
516 3557 598 3600 non
621 3533 777 3620 posuisse
800 3533 843 3599 in
865 3532 958 3598 fine
982 3531 1218 3598 enuntiati.

315 3637 393 3720 Qua
415 3638 451 3704 in
473 3660 511 3705 re
534 3661 616 3704 num
638 3637 803 3705 ratione
827 3641 943 3704 certa
967 3635 1093 3702 ductus
1116 3635 1174 3717 sit,
1199 3635 1352 3703 dubitari
1374 3642 1499 3724 potest.

206 3739 311 3809 Certe
334 3742 370 3808 in
393 3741 689 3809 Demosthenis
712 3741 882 3827 vestigiis,
918 3740 979 3829 qui
1009 3761 1200 3806 numeros
1235 3739 1435 3828 quosdam
1466 3740 1502 3806 iu

206 3845 381 3913 enuntiati
404 3844 499 3911 fine
523 3845 727 3933 appetebat,
752 3869 834 3912 non
856 3844 1001 3911 institit.

313 3949 489 4039 Superest,
513 3954 554 4017 ut
569 3950 632 4015 hac
650 3949 691 4017 de
714 3972 751 4015 re
775 3948 938 4015 adeamus
961 3945 1277 4033 inscriptiones
1301 3950 1337 4012 et
1349 3946 1500 4013 Graecas

206 4061 242 4123 et
264 4055 414 4122 Atticas.

315 4157 382 4226 Sed
407 4159 473 4225 etsi
495 4159 587 4225 locos
621 4157 785 4247 quosdam
809 4155 1015 4236 invenimus,
1052 4155 1176 4244 quibus
1200 4154 1434 4220 subiectum
1456 4154 1500 4220 in

205 4263 300 4330 fine
324 4261 561 4330 enuntiati
595 4263 747 4351 positum
771 4267 833 4342 est,
857 4261 958 4327 velut
990 4258 1311 4337 c.1.G.74;76;
1345 4260 1409 4338 84;
1440 4259 1500 4340 aa,

207 4367 449 4449 1023108,auc
471 4366 643 4434 verbum
666 4366 781 4433 inter
803 4364 1066 4432 adiectivum
1090 4369 1135 4431 et
1158 4361 1501 4443 substantivum,

204 4473 304 4539 velut
326 4470 363 4538 0.
388 4470 416 4536 Ι.
441 4470 481 4537 G.
506 4471 565 4549 963
592 4470 694 4550 227ος
728 4468 870 4550 3068ος
905 4468 993 4536 (1.1.
1018 4469 1061 4535 A.
1087 4469 1170 4548 193,
1194 4468 1268 4548 208,
1293 4473 1410 4533 tamen
1434 4465 1501 4532 loci

205 4575 419 4643 eiusmodi
441 4575 622 4641 verborum
641 4574 835 4659 regentium
855 4572 1094 4640 collocationis
1117 4577 1189 4639 tam
1213 4570 1309 4638 rari
1332 4574 1424 4651 sunt,
1462 4575 1502 4636 ut

204 4679 308 4747 facile
331 4702 388 4746 eos
412 4679 595 4764 neglegere
617 4676 796 4766 possimus.
