3492 5300
771 405 967 495 ..3-

218 607 255 671 in
278 605 393 671 verbis
417 603 594 691 eligendis,
618 609 660 668 ut
683 615 718 669 et
733 625 789 669 res
813 603 996 689 planius
1022 603 1315 687 declararetll
1332 610 1367 670 et
1390 604 1516 670 oratio·

218 732 296 775 nem
320 730 417 774 suam
440 706 690 773 luminibus
718 705 981 787 adornaret,
1007 730 1074 771 non
1091 707 1211 787 solum,
1236 730 1278 772 ne
1302 710 1516 794 oratorum2)

218 818 255 879 et
283 811 527 878 historicorum
550 811 756 877 mentionem
779 809 958 891 faciamus,
995 816 1271 898 epoetarum
1294 833 1449 877 sermone
1473 812 1518 877 ad

218 920 397 982 centum
427 916 598 981 vocabula
621 913 853 1000 adoptaverit,
888 913 948 979 sed
971 914 1077 979 etiam
1101 936 1119 979 e
1142 914 1325 1001 philoso
1334 914 1516 1001 phorum

218 1018 317 1085 libris
340 1019 421 1105 plus
453 1017 650 1084 ducenta
673 1017 820 1084 decem
852 1018 958 1083 verba
987 1017 1249 1105 deprompserit.

324 1123 436 1203 Quam
466 1122 579 1187 multa
600 1126 716 1187 autem
739 1121 921 1208 Polybius,
959 1120 1178 1187 doctissimus
1210 1145 1325 1188 rerum
1356 1122 1515 1209 scriptor,

219 1230 296 1291 ete
334 1231 564 1313 poetarum
596 1230 631 1291 st
669 1247 686 1290 e
722 1224 1096 1311 philosophorum
1120 1247 1274 1292 sermone
1306 1227 1517 1293 memoria

219 1328 524 1416 comprehenderit,
548 1333 589 1393 ut
615 1327 814 1415 perspicias,
840 1326 958 1393 confer
972 1328 1033 1394 hos
1057 1327 1130 1394 fere
1153 1330 1246 1396 locos
1269 1331 1312 1395 ab
1330 1329 1516 1396 Hultsohio

219 1435 256 1499 in
278 1432 391 1498 indice
416 1432 497 1499 edit.
521 1431 641 1518 Polyb.
666 1431 794 1497 allatos
817 1431 881 1496 sub
904 1454 987 1497 voce
1010 1431 1245 1514 Homerus,
1270 1433 1515 1516 Hesiodus,

221 1534 451 1615 Stasinus,
476 1533 794 1620 Epicharmus„
817 1533 1054 1616 PindaruS,
1079 1535 1344 1624 Euripides,
1369 1536 1516 1604 Philo·
1602 1537 1609 1549 ⁴

220 1660 375 1719 renus,
404 1637 667 1704 Timotheus
701 1637 878 1719 Milesiue,
902 1637 1294 1724 (Eratosthenes),
1332 1641 1518 1728 BotryS,

219 1740 1516 1831 Philaenis;HeraclitusEphesius,(XenophonAtheniensis),

219 1845 369 1926 Plato,
393 1845 700 1926 Aristoteles,
725 1845 1085 1931 Theophrastus,
1110 1846 1288 1929 Strato,
1314 1847 1517 1914 Dicaear-

220 1949 326 2016 chus
350 1948 582 2016 Messanensis
604 1949 881 2035 Peripateticus,
920 1949 1213 2032 Arcesilaus,
1238 1951 1516 2033 Carneades,

220 2053 480 2133 Academia,
511 2052 771 2118 Academici
795 2043 1069 2140 philosophi.

324 2158 376 2223 At
397 2156 512 2224 omnia
533 2157 617 2223 haec
640 2157 822 2238 voeabula,
857 2179 945 2245 quae
968 2156 1135 2245 Polybius
1160 2164 1197 2225 et
1220 2181 1241 2224 a
1262 2159 1413 2247 poetis
1436 2165 1473 2225 et
1497 2181 1518 2224 a

220 2261 512 2351 philosophis
535 2260 640 2347 petiit
670 2267 706 2328 et
729 2283 841 2328 nova
872 2262 1034 2343 adscivit,
1074 2263 1141 2329 etsi
1173 2262 1278 2347 digna
1302 2268 1393 2343 sunt,
1429 2285 1517 2350 quae

220 2389 374 2433 seorsum
398 2365 668 2445 considerentur,
709 2373 825 2431 tamen
850 2365 1058 2451 singillatim
1092 2389 1182 2432 nunc
1212 2389 1412 2433 enumerare
1440 2367 1517 2433 ideo

219 2470 361 2556 longum
386 2474 448 2551 est,
473 2469 563 2557 quod
585 2469 697 2535 oratio
721 2469 869 2534 festinat
893 2470 937 2535 ad
961 2470 1232 2557 praecipuas
1259 2470 1517 2537 dissertationis

220 2579 362 2640 nostrae
384 2578 502 2661 partes
525 2579 637 2655 tres,
662 2572 736 2639 dico
760 2573 1056 2657 Latinismos,
1090 2575 1151 2663 qui
1173 2579 1351 2655 vocantur,
1387 2581 1423 2640 et
1447 2596 1515 2657 eas,

220 2698 309 2766 quae
344 2678 522 2764 pertinent
563 2677 607 2742 ad
638 2678 884 2765 syntaxim,
930 2679 1186 2745 observationes
1216 2679 1517 2767 vocabulaque

220 2780 314 2867 apud
336 2780 519 2868 Polybium
543 2805 668 2846 unum
692 2781 877 2847 exstantia.
1194 2774 1195 2777 ¹

324 2882 478 2950 Tametsi
500 2885 700 2972 priusquam
729 2886 792 2950 has
823 2885 1053 2970 aggredimur,
1078 2884 1236 2951 hocloco
1263 2885 1403 2961 illorum
1418 2909 1517 2952 voca·

222 2988 381 3053 bulorum
415 2988 541 3054 afferre
574 2988 725 3075 placebit
759 2989 895 3077 aliquot
930 2989 1149 3077 exempla,
1184 2993 1368 3078 postquam
1405 3012 1516 3077 pauca

221 3090 405 3157 fecerimus
421 3092 527 3156 verba
550 3091 591 3156 de
615 3092 789 3178 exemplis,
814 3099 855 3157 ut
866 3093 1050 3181 Polybium
1066 3093 1173 3159 verba
1196 3093 1364 3181 quaedam
1387 3115 1404 3159 e
1426 3094 1516 3180 phi-

220 3193 507 3279 losophorum
531 3217 685 3261 sermone
717 3195 939 3283 adoptavisse
963 3197 1233 3278 demonstraret,
1258 3220 1280 3263 a
1302 3197 1515 3282 Stichi03)

221 3297 397 3364 adhibitis.

256 3394 259 3413 '
325 3400 404 3482 Qua
426 3401 461 3466 in
484 3424 522 3467 re
546 3403 601 3467 vir
623 3402 745 3468 doctus
761 3403 884 3469 mirum
902 3404 938 3469 in
954 3403 1090 3469 modum
1113 3404 1237 3470 incidit
1253 3405 1289 3468 in
1306 3405 1514 3471 mentionem

220 3525 339 3570 eorum
362 3506 616 3587 vocabulorum,
640 3528 728 3593 quae
751 3505 918 3593 Polybius
942 3506 1101 3572 adhibuit
1123 3507 1300 3594 primus.

375 3686 588 3767 κηδεμονικός
606 3697 634 3748 G.
653 3697 675 3747 I.
693 3697 725 3747 A.
744 3699 809 3761 470;
828 3700 885 3751 Pol.
904 3700 928 3761 4,
947 3699 990 3760 25,
1009 3700 1039 3762 73
1059 3699 1082 3760 6,
1102 3698 1126 3759 8,
1146 3699 1176 3761 33
1196 3714 1283 3764 saep.;

374 3774 592 3854 πραγματικός
619 3783 646 3834 o.
674 3785 696 3836 1.
722 3785 752 3835 c.
777 3786 893 3849 araon,
922 3786 1005 3848 4860,
1039 3786 1096 3836 Pol.
1117 3786 1139 3842 1,
1159 3787 1183 3847 2,
1203 3787 1226 3835 s.
1255 3786 1296 3847 aa,
1323 3786 1354 3848 5;
1385 3785 1515 3847 2,13,1.

425 3870 803 3938 &wstmmm3

375 3949 572 4028 προγονικάς
591 3959 618 4010 0.
637 3959 659 4008 Ι.
679 3958 711 4010 G.
729 3959 812 4022 33863
829 3958 912 4020 3657;
932 3958 1034 4021 388213
1063 3958 1120 4010 Pol.
1132 3958 1156 4019 3,
1177 3958 1261 4019 64‚2;
1282 3957 1322 4019 13,
1337 3957 1359 4019 6,
1376 3958 1406 4020 3;
1427 3972 1515 4025 saep.;

375 4042 544 4113 ἐξαπορὲω
563 4044 590 4096 G.
609 4045 633 4097 Ι.
651 4045 682 4097 G.
701 4046 786 4108 2058,
805 4045 862 4097 Pol.
881 4045 905 4104 3,
923 4044 965 4106 47,
985 4046 1010 4096 9.
1028 4045 1069 4106 46,
1089 4045 1118 4107 43
1139 4058 1226 4108 saep.;

375 4121 566 4201 προσαξιόω
585 4132 613 4184 G.
632 4131 654 4181 Ι.
674 4131 705 4182 G.
724 4132 806 4194 6819,
829 4131 887 4184 Pol.
906 4132 929 4194 3,
951 4133 991 4193 11,
1012 4133 1040 4195 7;
1069 4133 1109 4193 17,
1129 4132 1153 4194 8,
1175 4132 1204 4194 53

375 4216 592 4289 συνδιατηρέω
611 4218 637 4270 O.
658 4219 680 4268 Ι.
700 4219 730 4270 G.
750 4220 817 4269 3137
836 4219 895 4282 ΠΙ,
914 4219 972 4270 Pol.
991 4221 1014 4281 2,
1034 4219 1075 4280 58,
1096 4220 1123 4280 3;

376 4296 522 4363 ἑξοδεόω
542 4306 570 4357 G.
589 4307 611 4358 Ι.
631 4306 661 4357 G.
681 4307 768 4371 2556,
785 4307 842 4359 Pol.
861 4307 886 4369 4,
907 4307 948 4370 54,
969 4308 997 4369 1;
1017 4307 1041 4369 5,
1060 4307 1101 4368 94,
1122 4307 1152 4371 33
1172 4321 1246 4370 saep.

326 4390 348 4459 ¹]
368 4392 407 4443 cf.
418 4393 647 4443 B.chstium
666 4392 836 4443 Fleckeiseni
849 4393 937 4443 annal.
959 4395 979 4445 t.
991 4393 1040 4442 129
1059 4408 1084 4456 p.
1096 4393 1144 4441 121
1158 4407 1179 4442 s.
1200 4392 1238 4444 cf.
1258 4392 1341 4442 etiam
1353 4391 1461 4453 Luettg.

219 4477 253 4529 de
271 4479 328 4529 Pol.
348 4479 441 4528 elocnt.
462 4494 489 4544 p.
506 4479 524 4528 4
543 4482 570 4529 et
590 4480 622 4529 16
642 4481 669 4529 et
688 4479 797 4530 Stich.
824 4479 857 4529 de
877 4479 933 4530 l'ol.
953 4479 1005 4530 die.
1025 4493 1085 4541 gen.
1104 4494 1129 4542 p.
1151 4478 1200 4527 145
1219 4481 1247 4528 et
1266 4478 1326 4527 211.

323 4564 344 4631 2)
363 4565 404 4618 of.
422 4566 522 4629 Leop.
542 4565 785 4616 Schmidtium:
814 4567 864 4616 Die
885 4565 970 4615 Ethilr
988 4564 1035 4615 der
1053 4565 1128 4616 alten
1147 4563 1281 4615 Grieoheu
1299 4564 1352 4614 vol.
1371 4563 1408 4614 Il.
1426 4579 1452 4628 p.
1472 4563 1515 4614 33.

323 4649 345 4715 ⁸)
364 4651 403 4701 De
421 4652 530 4716 Polybii
549 4651 600 4701 dic.
620 4666 680 4715 gen.
699 4667 724 4716 p.
746 4652 804 4702 146.

1329 4734 1360 4787 1*
